2021-05-07 17:23:08.045	gou_init	BTC-USDT	-3.600%~2.700%
2021-05-07 17:23:17.638	get_position_price	BTC-USDT	56163.75/56069.2	buy	0.168%
2021-05-07 17:23:20.051	get_position_price	BTC-USDT	56163.75/56069.2	buy	0.168%
2021-05-07 17:23:22.513	get_position_price	BTC-USDT	56157.25/56069.2	buy	0.134%
2021-05-07 17:23:25.093	get_position_price	BTC-USDT	56157.25/56069.2	buy	0.134%
2021-05-07 17:23:26.797	get_position_price	BTC-USDT	56157.25/56069.2	buy	0.134%
2021-05-07 17:23:28.345	get_position_price	BTC-USDT	56164.25/56069.2	buy	0.134%
2021-05-07 17:23:29.881	get_position_price	BTC-USDT	56164.25/56069.2	buy	0.171%
2021-05-07 17:23:31.426	get_position_price	BTC-USDT	56164.25/56069.2	buy	0.171%
2021-05-07 17:23:32.904	get_position_price	BTC-USDT	56169.85/56069.2	buy	0.201%
2021-05-07 17:23:34.462	get_position_price	BTC-USDT	56169.85/56069.2	buy	0.201%
2021-05-07 17:23:36.190	get_position_price	BTC-USDT	56159.45/56069.2	buy	0.145%
2021-05-07 17:23:37.788	get_position_price	BTC-USDT	56159.45/56069.2	buy	0.145%
2021-05-07 17:23:39.326	get_position_price	BTC-USDT	56168.55/56069.2	buy	0.181%
2021-05-07 17:23:40.855	get_position_price	BTC-USDT	56188.95/56069.2	buy	0.303%
2021-05-07 17:23:42.466	get_position_price	BTC-USDT	56188.95/56069.2	buy	0.303%
2021-05-07 17:23:44.300	get_position_price	BTC-USDT	56188.95/56069.2	buy	0.303%
2021-05-07 17:23:45.912	get_position_price	BTC-USDT	56181.95/56069.2	buy	0.266%
2021-05-07 17:23:47.460	get_position_price	BTC-USDT	56181.95/56069.2	buy	0.266%
2021-05-07 17:23:50.898	get_position_price	BTC-USDT	56181.95/56069.2	buy	0.266%
2021-05-07 17:23:52.933	get_position_price	BTC-USDT	56176.65/56069.2	buy	0.237%
2021-05-07 17:23:54.733	get_position_price	BTC-USDT	56176.65/56069.2	buy	0.237%
2021-05-07 17:23:56.707	get_position_price	BTC-USDT	56177.65/56069.2	buy	0.243%
2021-05-07 17:23:58.259	get_position_price	BTC-USDT	56177.65/56069.2	buy	0.243%
2021-05-07 17:23:59.866	get_position_price	BTC-USDT	56177.65/56069.2	buy	0.243%
2021-05-07 17:24:02.972	get_position_price	BTC-USDT	56177.65/56069.2	buy	0.243%
2021-05-07 17:24:04.452	get_position_price	BTC-USDT	56177.65/56069.2	buy	0.243%
2021-05-07 17:24:05.986	get_position_price	BTC-USDT	56177.65/56069.2	buy	0.243%
2021-05-07 17:24:08.179	get_position_price	BTC-USDT	56177.65/56069.2	buy	0.243%
2021-05-07 17:24:09.904	get_position_price	BTC-USDT	56177.65/56069.2	buy	0.243%
2021-05-07 17:24:11.597	get_position_price	BTC-USDT	56160.05/56069.2	buy	0.243%
2021-05-07 17:24:13.358	get_position_price	BTC-USDT	56153.35/56069.2	buy	0.113%
2021-05-07 17:24:14.975	get_position_price	BTC-USDT	56146.65/56069.2	buy	0.113%
2021-05-07 17:24:16.577	get_position_price	BTC-USDT	56140.55/56069.2	buy	0.044%
2021-05-07 17:24:18.131	get_position_price	BTC-USDT	56140.55/56069.2	buy	0.044%
2021-05-07 17:24:19.653	get_position_price	BTC-USDT	56140.55/56069.2	buy	0.044%
2021-05-07 17:24:21.642	get_position_price	BTC-USDT	56140.05/56069.2	buy	0.044%
2021-05-07 17:24:23.311	get_position_price	BTC-USDT	56140.05/56069.2	buy	0.042%
2021-05-07 17:24:25.318	get_position_price	BTC-USDT	56140.05/56069.2	buy	0.042%
2021-05-07 17:24:28.115	get_position_price	BTC-USDT	56120.05/56069.2	buy	-0.012%
2021-05-07 17:24:29.975	get_position_price	BTC-USDT	56110.05/56069.2	buy	-0.119%
2021-05-07 17:24:31.536	get_position_price	BTC-USDT	56103.35/56069.2	buy	-0.154%
2021-05-07 17:24:33.025	get_position_price	BTC-USDT	56097.15/56069.2	buy	-0.154%
2021-05-07 17:24:35.074	get_position_price	BTC-USDT	56108.25/56069.2	buy	-0.128%
2021-05-07 17:24:36.608	get_position_price	BTC-USDT	56125.95/56069.2	buy	-0.034%
2021-05-07 17:24:39.429	get_position_price	BTC-USDT	56125.95/56069.2	buy	-0.034%
2021-05-07 17:24:41.066	get_position_price	BTC-USDT	56136.65/56069.2	buy	-0.012%
2021-05-07 17:24:44.339	get_position_price	BTC-USDT	56145.05/56069.2	buy	0.068%
2021-05-07 17:24:46.184	get_position_price	BTC-USDT	56145.05/56069.2	buy	0.068%
2021-05-07 17:24:47.996	get_position_price	BTC-USDT	56145.05/56069.2	buy	0.068%
2021-05-07 17:24:53.458	get_position_price	BTC-USDT	56139.45/56069.2	buy	0.038%
2021-05-07 17:24:56.064	get_position_price	BTC-USDT	56135.45/56069.2	buy	0.017%
2021-05-07 17:24:57.631	get_position_price	BTC-USDT	56135.45/56069.2	buy	0.017%
2021-05-07 17:24:59.780	get_position_price	BTC-USDT	56135.45/56069.2	buy	0.017%
2021-05-07 17:25:01.381	get_position_price	BTC-USDT	56138.45/56069.2	buy	0.033%
2021-05-07 17:25:06.769	get_position_price	BTC-USDT	56120.05/56069.2	buy	-0.065%
2021-05-07 17:25:12.691	get_position_price	BTC-USDT	56120.05/56069.2	buy	-0.065%
2021-05-07 17:25:14.283	get_position_price	BTC-USDT	56120.05/56069.2	buy	-0.065%
2021-05-07 17:25:16.001	get_position_price	BTC-USDT	56120.05/56069.2	buy	-0.065%
2021-05-07 17:25:17.520	get_position_price	BTC-USDT	56122.55/56069.2	buy	-0.052%
2021-05-07 17:25:19.044	get_position_price	BTC-USDT	56122.55/56069.2	buy	-0.052%
2021-05-07 17:25:20.547	get_position_price	BTC-USDT	56122.55/56069.2	buy	-0.052%
2021-05-07 17:25:22.134	get_position_price	BTC-USDT	56122.55/56069.2	buy	-0.052%
2021-05-07 17:25:24.021	get_position_price	BTC-USDT	56122.55/56069.2	buy	-0.052%
2021-05-07 17:25:25.860	get_position_price	BTC-USDT	56122.55/56069.2	buy	-0.052%
2021-05-07 17:25:27.529	get_position_price	BTC-USDT	56122.55/56069.2	buy	-0.052%
2021-05-07 17:25:34.389	get_position_price	BTC-USDT	56120.05/56069.2	buy	-0.065%
2021-05-07 17:25:44.128	get_position_price	BTC-USDT	56145.45/56069.2	buy	0.055%
2021-05-07 17:25:54.963	get_position_price	BTC-USDT	56167.15/56069.2	buy	0.178%
2021-05-07 17:25:56.558	get_position_price	BTC-USDT	56167.35/56069.2	buy	0.188%
2021-05-07 17:25:58.078	get_position_price	BTC-USDT	56167.35/56069.2	buy	0.188%
2021-05-07 17:25:59.884	get_position_price	BTC-USDT	56167.35/56069.2	buy	0.188%
2021-05-07 17:26:01.998	get_position_price	BTC-USDT	56165.55/56069.2	buy	0.188%
2021-05-07 17:26:03.617	get_position_price	BTC-USDT	56165.55/56069.2	buy	0.178%
2021-05-07 17:26:05.700	get_position_price	BTC-USDT	56160.45/56069.2	buy	0.151%
2021-05-07 17:26:07.448	get_position_price	BTC-USDT	56160.45/56069.2	buy	0.151%
2021-05-07 17:26:10.029	get_position_price	BTC-USDT	56160.45/56069.2	buy	0.151%
2021-05-07 17:26:11.786	get_position_price	BTC-USDT	56160.75/56069.2	buy	0.152%
2021-05-07 17:26:13.307	get_position_price	BTC-USDT	56160.75/56069.2	buy	0.152%
2021-05-07 17:26:14.941	get_position_price	BTC-USDT	56160.75/56069.2	buy	0.152%
2021-05-07 17:26:16.510	get_position_price	BTC-USDT	56160.75/56069.2	buy	0.152%
2021-05-07 17:26:19.708	get_position_price	BTC-USDT	56160.75/56069.2	buy	0.152%
2021-05-07 17:26:26.218	get_position_price	BTC-USDT	56199.8/56069.2	buy	0.238%
2021-05-07 17:26:27.760	get_position_price	BTC-USDT	56199.85/56069.2	buy	0.361%
2021-05-07 17:26:29.332	get_position_price	BTC-USDT	56199.85/56069.2	buy	0.361%
2021-05-07 17:26:30.938	get_position_price	BTC-USDT	56199.85/56069.2	buy	0.361%
2021-05-07 17:26:32.527	get_position_price	BTC-USDT	56199.85/56069.2	buy	0.361%
2021-05-07 17:26:34.490	get_position_price	BTC-USDT	56199.85/56069.2	buy	0.361%
2021-05-07 17:26:36.077	get_position_price	BTC-USDT	56184.25/56069.2	buy	0.278%
2021-05-07 17:26:37.754	get_position_price	BTC-USDT	56190.85/56069.2	buy	0.313%
2021-05-07 17:26:39.341	get_position_price	BTC-USDT	56199.95/56069.2	buy	0.362%
2021-05-07 17:26:40.918	get_position_price	BTC-USDT	56199.95/56069.2	buy	0.362%
2021-05-07 17:26:42.710	get_position_price	BTC-USDT	56199.95/56069.2	buy	0.362%
2021-05-07 17:26:44.319	get_position_price	BTC-USDT	56199.95/56069.2	buy	0.362%
2021-05-07 17:26:46.237	get_position_price	BTC-USDT	56199.95/56069.2	buy	0.362%
2021-05-07 17:26:48.018	get_position_price	BTC-USDT	56199.95/56069.2	buy	0.362%
2021-05-07 17:26:49.600	get_position_price	BTC-USDT	56199.95/56069.2	buy	0.398%
2021-05-07 17:26:51.191	get_position_price	BTC-USDT	56199.95/56069.2	buy	0.362%
2021-05-07 17:26:52.679	get_position_price	BTC-USDT	56199.95/56069.2	buy	0.362%
2021-05-07 17:26:54.288	get_position_price	BTC-USDT	56199.95/56069.2	buy	0.362%
2021-05-07 17:26:55.776	get_position_price	BTC-USDT	56202.85/56069.2	buy	0.377%
2021-05-07 17:26:57.394	get_position_price	BTC-USDT	56202.85/56069.2	buy	0.377%
2021-05-07 17:27:01.357	get_position_price	BTC-USDT	56202.85/56069.2	buy	0.377%
2021-05-07 17:27:03.243	get_position_price	BTC-USDT	56202.85/56069.2	buy	0.377%
2021-05-07 17:27:04.894	get_position_price	BTC-USDT	56202.85/56069.2	buy	0.377%
2021-05-07 17:27:06.488	get_position_price	BTC-USDT	56202.85/56069.2	buy	0.377%
2021-05-07 17:27:08.636	get_position_price	BTC-USDT	56202.85/56069.2	buy	0.377%
2021-05-07 17:27:10.197	get_position_price	BTC-USDT	56202.85/56069.2	buy	0.377%
2021-05-07 17:27:13.360	get_position_price	BTC-USDT	56202.85/56069.2	buy	0.377%
2021-05-07 17:27:16.120	get_position_price	BTC-USDT	56202.85/56069.2	buy	0.377%
2021-05-07 17:27:17.676	get_position_price	BTC-USDT	56227.25/56069.2	buy	0.494%
2021-05-07 17:27:19.174	get_position_price	BTC-USDT	56228.05/56069.2	buy	0.512%
2021-05-07 17:27:20.724	get_position_price	BTC-USDT	56228.05/56069.2	buy	0.512%
2021-05-07 17:27:26.321	get_position_price	BTC-USDT	56237.55/56069.2	buy	0.563%
2021-05-07 17:27:27.964	get_position_price	BTC-USDT	56257.75/56069.2	buy	0.629%
2021-05-07 17:27:29.559	get_position_price	BTC-USDT	56257.75/56069.2	buy	0.671%
2021-05-07 17:27:31.260	get_position_price	BTC-USDT	56257.75/56069.2	buy	0.671%
2021-05-07 17:27:32.850	get_position_price	BTC-USDT	56257.75/56069.2	buy	0.671%
2021-05-07 17:27:36.731	get_position_price	BTC-USDT	56262.15/56069.2	buy	0.694%
2021-05-07 17:27:39.984	get_position_price	BTC-USDT	56257.75/56069.2	buy	0.671%
2021-05-07 17:27:41.568	get_position_price	BTC-USDT	56257.75/56069.2	buy	0.671%
2021-05-07 17:27:43.166	get_position_price	BTC-USDT	56257.75/56069.2	buy	0.671%
2021-05-07 17:27:47.396	get_position_price	BTC-USDT	56246.75/56069.2	buy	0.612%
2021-05-07 17:27:51.188	get_position_price	BTC-USDT	56256.75/56069.2	buy	0.665%
2021-05-07 17:27:54.115	get_position_price	BTC-USDT	56257.75/56069.2	buy	0.671%
2021-05-07 17:27:59.560	get_position_price	BTC-USDT	56263.05/56069.2	buy	0.699%
2021-05-07 17:28:01.232	get_position_price	BTC-USDT	56263.05/56069.2	buy	0.699%
2021-05-07 17:28:03.050	get_position_price	BTC-USDT	56240.05/56069.2	buy	0.576%
2021-05-07 17:28:05.173	get_position_price	BTC-USDT	56240.05/56069.2	buy	0.576%
2021-05-07 17:28:06.741	get_position_price	BTC-USDT	56240.05/56069.2	buy	0.576%
2021-05-07 17:28:08.316	get_position_price	BTC-USDT	56240.05/56069.2	buy	0.576%
2021-05-07 17:28:09.884	get_position_price	BTC-USDT	56233.95/56069.2	buy	0.544%
2021-05-07 17:28:11.448	get_position_price	BTC-USDT	56226.15/56069.2	buy	0.544%
2021-05-07 17:28:13.423	get_position_price	BTC-USDT	56226.15/56069.2	buy	0.502%
2021-05-07 17:28:15.180	get_position_price	BTC-USDT	56226.15/56069.2	buy	0.502%
2021-05-07 17:28:16.660	get_position_price	BTC-USDT	56216.25/56069.2	buy	0.502%
2021-05-07 17:28:18.235	get_position_price	BTC-USDT	56209.95/56069.2	buy	0.415%
2021-05-07 17:28:19.809	get_position_price	BTC-USDT	56214.05/56069.2	buy	0.437%
2021-05-07 17:28:21.416	get_position_price	BTC-USDT	56214.05/56069.2	buy	0.437%
2021-05-07 17:28:22.943	get_position_price	BTC-USDT	56214.05/56069.2	buy	0.437%
2021-05-07 17:28:24.541	get_position_price	BTC-USDT	56214.05/56069.2	buy	0.437%
2021-05-07 17:28:26.372	get_position_price	BTC-USDT	56216.65/56069.2	buy	0.437%
2021-05-07 17:28:33.344	get_position_price	BTC-USDT	56222.45/56069.2	buy	0.482%
2021-05-07 17:28:36.328	get_position_price	BTC-USDT	56222.25/56069.2	buy	0.481%
2021-05-07 17:28:42.282	get_position_price	BTC-USDT	56222.05/56069.2	buy	0.480%
2021-05-07 17:28:43.801	get_position_price	BTC-USDT	56222.05/56069.2	buy	0.480%
2021-05-07 17:28:50.804	get_position_price	BTC-USDT	56209.25/56069.2	buy	0.412%
2021-05-07 17:28:52.365	get_position_price	BTC-USDT	56209.25/56069.2	buy	0.412%
2021-05-07 17:28:53.844	get_position_price	BTC-USDT	56209.25/56069.2	buy	0.412%
2021-05-07 17:28:55.417	get_position_price	BTC-USDT	56209.25/56069.2	buy	0.412%
2021-05-07 17:28:57.115	get_position_price	BTC-USDT	56202.95/56069.2	buy	0.412%
2021-05-07 17:28:58.661	get_position_price	BTC-USDT	56200.05/56069.2	buy	0.362%
2021-05-07 17:29:02.418	get_position_price	BTC-USDT	56200.25/56069.2	buy	0.363%
2021-05-07 17:29:03.907	get_position_price	BTC-USDT	56199.85/56069.2	buy	0.361%
2021-05-07 17:29:05.825	get_position_price	BTC-USDT	56190.05/56069.2	buy	0.309%
2021-05-07 17:29:07.387	get_position_price	BTC-USDT	56190.05/56069.2	buy	0.309%
2021-05-07 17:29:14.379	get_position_price	BTC-USDT	56199.65/56069.2	buy	0.360%
2021-05-07 17:29:20.140	get_position_price	BTC-USDT	56225.35/56069.2	buy	0.498%
2021-05-07 17:29:24.360	get_position_price	BTC-USDT	56229.95/56069.2	buy	0.547%
2021-05-07 17:29:28.415	get_position_price	BTC-USDT	56215.65/56069.2	buy	0.446%
2021-05-07 17:29:33.000	get_position_price	BTC-USDT	56205.85/56069.2	buy	0.393%
2021-05-07 17:29:34.595	get_position_price	BTC-USDT	56212.05/56069.2	buy	0.427%
2021-05-07 17:29:36.190	get_position_price	BTC-USDT	56212.05/56069.2	buy	0.427%
2021-05-07 17:29:38.031	get_position_price	BTC-USDT	56212.05/56069.2	buy	0.427%
2021-05-07 17:29:39.630	get_position_price	BTC-USDT	56229.85/56069.2	buy	0.456%
2021-05-07 17:29:42.558	get_position_price	BTC-USDT	56235.85/56069.2	buy	0.556%
2021-05-07 17:29:44.209	get_position_price	BTC-USDT	56235.85/56069.2	buy	0.554%
2021-05-07 17:29:45.866	get_position_price	BTC-USDT	56235.85/56069.2	buy	0.554%
2021-05-07 17:29:47.378	get_position_price	BTC-USDT	56235.85/56069.2	buy	0.554%
2021-05-07 17:29:49.342	get_position_price	BTC-USDT	56235.85/56069.2	buy	0.554%
2021-05-07 17:29:50.897	get_position_price	BTC-USDT	56235.85/56069.2	buy	0.554%
2021-05-07 17:29:52.484	get_position_price	BTC-USDT	56227.25/56069.2	buy	0.554%
2021-05-07 17:29:54.819	get_position_price	BTC-USDT	56227.15/56069.2	buy	0.507%
2021-05-07 17:29:56.342	get_position_price	BTC-USDT	56227.15/56069.2	buy	0.507%
2021-05-07 17:29:57.843	get_position_price	BTC-USDT	56227.15/56069.2	buy	0.507%
2021-05-07 17:29:59.343	get_position_price	BTC-USDT	56227.15/56069.2	buy	0.507%
2021-05-07 17:30:01.484	get_position_price	BTC-USDT	56227.15/56069.2	buy	0.507%
2021-05-07 17:30:03.095	get_position_price	BTC-USDT	56227.15/56069.2	buy	0.507%
2021-05-07 17:30:04.739	get_position_price	BTC-USDT	56227.15/56069.2	buy	0.507%
2021-05-07 17:30:06.215	get_position_price	BTC-USDT	56227.15/56069.2	buy	0.507%
2021-05-07 17:30:07.868	get_position_price	BTC-USDT	56227.15/56069.2	buy	0.507%
2021-05-07 17:30:09.456	get_position_price	BTC-USDT	56227.15/56069.2	buy	0.507%
2021-05-07 17:30:11.047	get_position_price	BTC-USDT	56249.95/56069.2	buy	0.629%
2021-05-07 17:30:12.683	get_position_price	BTC-USDT	56260.05/56069.2	buy	0.683%
2021-05-07 17:30:14.337	get_position_price	BTC-USDT	56260.05/56069.2	buy	0.683%
2021-05-07 17:30:15.912	get_position_price	BTC-USDT	56260.05/56069.2	buy	0.683%
2021-05-07 17:30:17.489	get_position_price	BTC-USDT	56265.45/56069.2	buy	0.712%
2021-05-07 17:30:20.581	get_position_price	BTC-USDT	56265.45/56069.2	buy	0.712%
2021-05-07 17:30:22.865	get_position_price	BTC-USDT	56269.95/56069.2	buy	0.736%
2021-05-07 17:30:24.975	get_position_price	BTC-USDT	56306.65/56069.2	buy	0.932%
2021-05-07 17:30:26.506	get_position_price	BTC-USDT	56319.95/56069.2	buy	1.003%
2021-05-07 17:30:28.062	get_position_price	BTC-USDT	56319.95/56069.2	buy	1.003%
2021-05-07 17:30:29.747	get_position_price	BTC-USDT	56313.35/56069.2	buy	0.968%
2021-05-07 17:30:31.917	get_position_price	BTC-USDT	56313.35/56069.2	buy	0.968%
2021-05-07 17:30:33.516	get_position_price	BTC-USDT	56313.35/56069.2	buy	0.968%
2021-05-07 17:30:35.057	get_position_price	BTC-USDT	56313.35/56069.2	buy	0.968%
2021-05-07 17:30:39.692	get_position_price	BTC-USDT	56294.85/56069.2	buy	0.869%
2021-05-07 17:30:42.012	get_position_price	BTC-USDT	56294.85/56069.2	buy	0.869%
2021-05-07 17:30:46.390	get_position_price	BTC-USDT	56294.85/56069.2	buy	0.869%
2021-05-07 17:30:47.913	get_position_price	BTC-USDT	56294.85/56069.2	buy	0.869%
2021-05-07 17:30:49.522	get_position_price	BTC-USDT	56294.85/56069.2	buy	0.869%
2021-05-07 17:30:51.072	get_position_price	BTC-USDT	56294.85/56069.2	buy	0.869%
2021-05-07 17:30:52.644	get_position_price	BTC-USDT	56294.85/56069.2	buy	0.869%
2021-05-07 17:30:54.201	get_position_price	BTC-USDT	56294.85/56069.2	buy	0.869%
2021-05-07 17:30:55.702	get_position_price	BTC-USDT	56294.85/56069.2	buy	0.869%
2021-05-07 17:30:57.291	get_position_price	BTC-USDT	56302.45/56069.2	buy	0.910%
2021-05-07 17:30:58.876	get_position_price	BTC-USDT	56312.85/56069.2	buy	0.965%
2021-05-07 17:31:00.451	get_position_price	BTC-USDT	56321.75/56069.2	buy	0.991%
2021-05-07 17:31:02.063	get_position_price	BTC-USDT	56326.45/56069.2	buy	1.013%
2021-05-07 17:31:03.675	get_position_price	BTC-USDT	56326.45/56069.2	buy	1.038%
2021-05-07 17:31:05.246	get_position_price	BTC-USDT	56326.45/56069.2	buy	1.038%
2021-05-07 17:31:06.814	get_position_price	BTC-USDT	56319.75/56069.2	buy	1.002%
2021-05-07 17:31:08.306	get_position_price	BTC-USDT	56329.75/56069.2	buy	1.079%
2021-05-07 17:31:09.837	get_position_price	BTC-USDT	56309.75/56069.2	buy	0.979%
2021-05-07 17:31:11.368	get_position_price	BTC-USDT	56309.75/56069.2	buy	0.949%
2021-05-07 17:31:12.929	get_position_price	BTC-USDT	56309.75/56069.2	buy	0.949%
2021-05-07 17:31:14.459	get_position_price	BTC-USDT	56309.75/56069.2	buy	0.949%
2021-05-07 17:31:15.974	get_position_price	BTC-USDT	56309.75/56069.2	buy	0.949%
2021-05-07 17:31:18.978	get_position_price	BTC-USDT	56313.35/56069.2	buy	0.968%
2021-05-07 17:31:20.833	get_position_price	BTC-USDT	56310.05/56069.2	buy	0.950%
2021-05-07 17:31:22.388	get_position_price	BTC-USDT	56310.05/56069.2	buy	0.950%
2021-05-07 17:31:23.926	get_position_price	BTC-USDT	56310.05/56069.2	buy	0.950%
2021-05-07 17:31:25.519	get_position_price	BTC-USDT	56300.05/56069.2	buy	0.950%
2021-05-07 17:31:27.094	get_position_price	BTC-USDT	56300.05/56069.2	buy	0.897%
2021-05-07 17:31:28.987	get_position_price	BTC-USDT	56300.05/56069.2	buy	0.897%
2021-05-07 17:31:47.676	get_position_price	BTC-USDT	56306.25/56069.2	buy	0.930%
2021-05-07 17:31:49.203	get_position_price	BTC-USDT	56306.25/56069.2	buy	0.930%
2021-05-07 17:31:51.594	get_position_price	BTC-USDT	56306.25/56069.2	buy	0.930%
2021-05-07 17:31:55.261	get_position_price	BTC-USDT	56308.95/56069.2	buy	0.944%
2021-05-07 17:31:56.850	get_position_price	BTC-USDT	56308.95/56069.2	buy	0.944%
2021-05-07 17:31:59.044	get_position_price	BTC-USDT	56308.95/56069.2	buy	0.944%
2021-05-07 17:32:00.620	get_position_price	BTC-USDT	56312.45/56069.2	buy	0.963%
2021-05-07 17:32:03.169	get_position_price	BTC-USDT	56319.85/56069.2	buy	0.944%
2021-05-07 17:32:04.838	get_position_price	BTC-USDT	56319.95/56069.2	buy	1.003%
2021-05-07 17:32:06.589	get_position_price	BTC-USDT	56319.95/56069.2	buy	1.003%
2021-05-07 17:32:08.613	get_position_price	BTC-USDT	56319.95/56069.2	buy	1.003%
2021-05-07 17:32:10.202	get_position_price	BTC-USDT	56319.95/56069.2	buy	1.003%
2021-05-07 17:32:11.687	get_position_price	BTC-USDT	56327.25/56069.2	buy	1.042%
2021-05-07 17:32:13.221	get_position_price	BTC-USDT	56327.25/56069.2	buy	1.042%
2021-05-07 17:32:17.160	get_position_price	BTC-USDT	56369.95/56069.2	buy	1.217%
2021-05-07 17:32:18.845	get_position_price	BTC-USDT	56366.65/56069.2	buy	1.265%
2021-05-07 17:32:20.446	get_position_price	BTC-USDT	56366.65/56069.2	buy	1.253%
2021-05-07 17:32:22.030	get_position_price	BTC-USDT	56366.65/56069.2	buy	1.253%
2021-05-07 17:32:23.593	get_position_price	BTC-USDT	56342.45/56069.2	buy	1.159%
2021-05-07 17:32:25.386	get_position_price	BTC-USDT	56342.45/56069.2	buy	1.124%
2021-05-07 17:32:27.579	get_position_price	BTC-USDT	56342.45/56069.2	buy	1.124%
2021-05-07 17:32:29.079	get_position_price	BTC-USDT	56342.45/56069.2	buy	1.124%
2021-05-07 17:32:30.638	get_position_price	BTC-USDT	56330.65/56069.2	buy	1.060%
2021-05-07 17:32:32.238	get_position_price	BTC-USDT	56320.05/56069.2	buy	1.004%
2021-05-07 17:32:33.799	get_position_price	BTC-USDT	56313.35/56069.2	buy	1.004%
2021-05-07 17:32:36.033	get_position_price	BTC-USDT	56313.35/56069.2	buy	0.968%
2021-05-07 17:32:40.832	get_position_price	BTC-USDT	56310.15/56069.2	buy	0.951%
2021-05-07 17:32:45.441	get_position_price	BTC-USDT	56310.05/56069.2	buy	0.950%
2021-05-07 17:32:48.156	get_position_price	BTC-USDT	56310.05/56069.2	buy	0.950%
2021-05-07 17:32:50.430	get_position_price	BTC-USDT	56310.05/56069.2	buy	0.950%
2021-05-07 17:32:53.589	get_position_price	BTC-USDT	56300.15/56069.2	buy	0.897%
2021-05-07 17:32:55.170	get_position_price	BTC-USDT	56300.15/56069.2	buy	0.897%
2021-05-07 17:32:56.712	get_position_price	BTC-USDT	56300.15/56069.2	buy	0.897%
2021-05-07 17:32:58.328	get_position_price	BTC-USDT	56300.15/56069.2	buy	0.897%
2021-05-07 17:33:03.298	get_position_price	BTC-USDT	56300.15/56069.2	buy	0.897%
2021-05-07 17:33:07.322	get_position_price	BTC-USDT	56300.15/56069.2	buy	0.897%
2021-05-07 17:33:09.497	get_position_price	BTC-USDT	56308.75/56069.2	buy	0.943%
2021-05-07 17:33:12.763	get_position_price	BTC-USDT	56369.95/56069.2	buy	1.271%
2021-05-07 17:33:14.289	get_position_price	BTC-USDT	56347.15/56069.2	buy	1.191%
2021-05-07 17:33:15.881	get_position_price	BTC-USDT	56353.65/56069.2	buy	1.183%
2021-05-07 17:33:17.462	get_position_price	BTC-USDT	56353.85/56069.2	buy	1.149%
2021-05-07 17:33:19.081	get_position_price	BTC-USDT	56353.85/56069.2	buy	1.184%
2021-05-07 17:33:20.661	get_position_price	BTC-USDT	56340.05/56069.2	buy	1.111%
2021-05-07 17:33:22.254	get_position_price	BTC-USDT	56335.25/56069.2	buy	1.085%
2021-05-07 17:33:26.561	get_position_price	BTC-USDT	56340.85/56069.2	buy	1.115%
2021-05-07 17:33:28.275	get_position_price	BTC-USDT	56352.85/56069.2	buy	1.151%
2021-05-07 17:33:34.286	get_position_price	BTC-USDT	56330.05/56069.2	buy	1.057%
2021-05-07 17:33:37.000	get_position_price	BTC-USDT	56314.15/56069.2	buy	0.972%
2021-05-07 17:33:39.489	get_position_price	BTC-USDT	56313.05/56069.2	buy	0.966%
2021-05-07 17:33:42.034	get_position_price	BTC-USDT	56313.05/56069.2	buy	0.966%
2021-05-07 17:33:43.686	get_position_price	BTC-USDT	56303.15/56069.2	buy	0.913%
2021-05-07 17:33:48.417	get_position_price	BTC-USDT	56311.85/56069.2	buy	0.960%
2021-05-07 17:33:49.970	get_position_price	BTC-USDT	56311.85/56069.2	buy	0.960%
2021-05-07 17:33:51.467	get_position_price	BTC-USDT	56307.35/56069.2	buy	0.960%
2021-05-07 17:33:52.975	get_position_price	BTC-USDT	56307.35/56069.2	buy	0.936%
2021-05-07 17:33:54.569	get_position_price	BTC-USDT	56307.35/56069.2	buy	0.936%
2021-05-07 17:33:56.112	get_position_price	BTC-USDT	56311.85/56069.2	buy	0.960%
2021-05-07 17:33:57.720	get_position_price	BTC-USDT	56311.85/56069.2	buy	0.960%
2021-05-07 17:33:59.265	get_position_price	BTC-USDT	56311.85/56069.2	buy	0.960%
2021-05-07 17:34:00.848	get_position_price	BTC-USDT	56311.85/56069.2	buy	0.960%
2021-05-07 17:34:02.506	get_position_price	BTC-USDT	56316.25/56069.2	buy	0.984%
2021-05-07 17:34:08.806	get_position_price	BTC-USDT	56309.15/56069.2	buy	0.946%
2021-05-07 17:34:10.455	get_position_price	BTC-USDT	56315.85/56069.2	buy	0.981%
2021-05-07 17:34:12.010	get_position_price	BTC-USDT	56308.15/56069.2	buy	0.940%
2021-05-07 17:34:13.495	get_position_price	BTC-USDT	56315.95/56069.2	buy	0.940%
2021-05-07 17:34:15.036	get_position_price	BTC-USDT	56315.95/56069.2	buy	0.982%
2021-05-07 17:34:16.667	get_position_price	BTC-USDT	56315.95/56069.2	buy	0.982%
2021-05-07 17:34:19.336	get_position_price	BTC-USDT	56309.25/56069.2	buy	0.946%
2021-05-07 17:34:21.048	get_position_price	BTC-USDT	56311.45/56069.2	buy	0.803%
2021-05-07 17:34:22.593	get_position_price	BTC-USDT	56300.35/56069.2	buy	0.958%
2021-05-07 17:34:24.131	get_position_price	BTC-USDT	56300.35/56069.2	buy	0.898%
2021-05-07 17:34:25.661	get_position_price	BTC-USDT	56300.35/56069.2	buy	0.899%
2021-05-07 17:34:27.214	get_position_price	BTC-USDT	56319.95/56069.2	buy	0.934%
2021-05-07 17:34:28.783	get_position_price	BTC-USDT	56319.95/56069.2	buy	1.003%
2021-05-07 17:34:31.589	get_position_price	BTC-USDT	56319.95/56069.2	buy	1.003%
2021-05-07 17:34:33.547	get_position_price	BTC-USDT	56319.95/56069.2	buy	1.003%
2021-05-07 17:34:35.113	get_position_price	BTC-USDT	56319.95/56069.2	buy	1.003%
2021-05-07 17:34:36.709	get_position_price	BTC-USDT	56308.25/56069.2	buy	0.941%
2021-05-07 17:34:49.178	get_position_price	BTC-USDT	56324.65/56069.2	buy	1.050%
2021-05-07 17:34:51.888	get_position_price	BTC-USDT	56319.05/56069.2	buy	0.998%
2021-05-07 17:34:53.435	get_position_price	BTC-USDT	56314.05/56069.2	buy	0.972%
2021-05-07 17:34:55.555	get_position_price	BTC-USDT	56314.05/56069.2	buy	0.972%
2021-05-07 17:34:57.166	get_position_price	BTC-USDT	56318.95/56069.2	buy	0.998%
2021-05-07 17:34:58.717	get_position_price	BTC-USDT	56315.35/56069.2	buy	0.998%
2021-05-07 17:35:01.479	get_position_price	BTC-USDT	56307.05/56069.2	buy	0.934%
2021-05-07 17:35:03.321	get_position_price	BTC-USDT	56312.95/56069.2	buy	0.966%
2021-05-07 17:35:08.211	get_position_price	BTC-USDT	56309.05/56069.2	buy	0.945%
2021-05-07 17:35:10.462	get_position_price	BTC-USDT	56309.05/56069.2	buy	0.945%
2021-05-07 17:35:12.134	get_position_price	BTC-USDT	56311.95/56069.2	buy	0.961%
2021-05-07 17:35:13.683	get_position_price	BTC-USDT	56290.05/56069.2	buy	0.843%
2021-05-07 17:35:19.158	get_position_price	BTC-USDT	56294.55/56069.2	buy	0.868%
2021-05-07 17:35:20.716	get_position_price	BTC-USDT	56294.55/56069.2	buy	0.868%
2021-05-07 17:35:22.273	get_position_price	BTC-USDT	56294.55/56069.2	buy	0.868%
2021-05-07 17:35:23.973	get_position_price	BTC-USDT	56294.55/56069.2	buy	0.868%
2021-05-07 17:35:25.481	get_position_price	BTC-USDT	56294.55/56069.2	buy	0.868%
2021-05-07 17:35:27.217	get_position_price	BTC-USDT	56294.55/56069.2	buy	0.868%
2021-05-07 17:35:29.062	get_position_price	BTC-USDT	56294.55/56069.2	buy	0.868%
2021-05-07 17:35:30.907	get_position_price	BTC-USDT	56294.55/56069.2	buy	0.868%
2021-05-07 17:35:32.466	get_position_price	BTC-USDT	56295.45/56069.2	buy	0.872%
2021-05-07 17:35:34.859	get_position_price	BTC-USDT	56306.75/56069.2	buy	0.933%
2021-05-07 17:35:38.721	get_position_price	BTC-USDT	56306.75/56069.2	buy	0.933%
2021-05-07 17:35:41.492	get_position_price	BTC-USDT	56297.35/56069.2	buy	0.933%
2021-05-07 17:35:44.369	get_position_price	BTC-USDT	56294.35/56069.2	buy	0.866%
2021-05-07 17:35:45.985	get_position_price	BTC-USDT	56294.35/56069.2	buy	0.866%
2021-05-07 17:35:47.579	get_position_price	BTC-USDT	56294.35/56069.2	buy	0.866%
2021-05-07 17:35:49.133	get_position_price	BTC-USDT	56294.35/56069.2	buy	0.866%
2021-05-07 17:35:52.015	get_position_price	BTC-USDT	56294.35/56069.2	buy	0.866%
2021-05-07 17:35:53.559	get_position_price	BTC-USDT	56294.35/56069.2	buy	0.866%
2021-05-07 17:35:56.161	get_position_price	BTC-USDT	56290.05/56069.2	buy	0.866%
2021-05-07 17:35:58.389	get_position_price	BTC-USDT	56290.05/56069.2	buy	0.843%
2021-05-07 17:36:00.205	get_position_price	BTC-USDT	56290.05/56069.2	buy	0.843%
2021-05-07 17:36:01.781	get_position_price	BTC-USDT	56290.05/56069.2	buy	0.843%
2021-05-07 17:36:03.361	get_position_price	BTC-USDT	56290.05/56069.2	buy	0.843%
2021-05-07 17:36:04.899	get_position_price	BTC-USDT	56290.05/56069.2	buy	0.843%
2021-05-07 17:36:06.753	get_position_price	BTC-USDT	56290.05/56069.2	buy	0.843%
2021-05-07 17:36:08.337	get_position_price	BTC-USDT	56290.05/56069.2	buy	0.843%
2021-05-07 17:36:13.279	get_position_price	BTC-USDT	56290.05/56069.2	buy	0.843%
2021-05-07 17:36:17.277	get_position_price	BTC-USDT	56290.05/56069.2	buy	0.843%
2021-05-07 17:36:21.260	get_position_price	BTC-USDT	56290.05/56069.2	buy	0.843%
2021-05-07 17:36:22.766	get_position_price	BTC-USDT	56314.45/56069.2	buy	0.915%
2021-05-07 17:36:24.408	get_position_price	BTC-USDT	56314.45/56069.2	buy	0.974%
2021-05-07 17:36:25.924	get_position_price	BTC-USDT	56314.45/56069.2	buy	0.974%
2021-05-07 17:36:27.477	get_position_price	BTC-USDT	56314.45/56069.2	buy	0.974%
2021-05-07 17:36:29.279	get_position_price	BTC-USDT	56319.95/56069.2	buy	0.998%
2021-05-07 17:36:31.361	get_position_price	BTC-USDT	56319.95/56069.2	buy	1.003%
2021-05-07 17:36:32.983	get_position_price	BTC-USDT	56319.05/56069.2	buy	1.003%
2021-05-07 17:36:34.535	get_position_price	BTC-USDT	56314.55/56069.2	buy	0.974%
2021-05-07 17:36:36.580	get_position_price	BTC-USDT	56314.55/56069.2	buy	0.974%
2021-05-07 17:36:38.668	get_position_price	BTC-USDT	56314.55/56069.2	buy	0.974%
2021-05-07 17:36:42.055	get_position_price	BTC-USDT	56314.55/56069.2	buy	0.974%
2021-05-07 17:36:44.316	get_position_price	BTC-USDT	56314.55/56069.2	buy	0.974%
2021-05-07 17:36:46.097	get_position_price	BTC-USDT	56314.95/56069.2	buy	0.969%
2021-05-07 17:36:47.790	get_position_price	BTC-USDT	56314.95/56069.2	buy	0.977%
2021-05-07 17:36:49.994	get_position_price	BTC-USDT	56314.95/56069.2	buy	0.977%
2021-05-07 17:36:51.542	get_position_price	BTC-USDT	56321.05/56069.2	buy	0.977%
2021-05-07 17:36:53.169	get_position_price	BTC-USDT	56321.05/56069.2	buy	1.009%
2021-05-07 17:36:54.768	get_position_price	BTC-USDT	56321.05/56069.2	buy	1.009%
2021-05-07 17:36:56.805	get_position_price	BTC-USDT	56321.05/56069.2	buy	1.009%
2021-05-07 17:37:00.222	get_position_price	BTC-USDT	56366.85/56069.2	buy	1.254%
2021-05-07 17:37:04.270	get_position_price	BTC-USDT	56421.35/56069.2	buy	1.538%
2021-05-07 17:37:06.997	get_position_price	BTC-USDT	56404.45/56069.2	buy	1.455%
2021-05-07 17:37:09.533	get_position_price	BTC-USDT	56397.75/56069.2	buy	1.419%
2021-05-07 17:37:11.076	get_position_price	BTC-USDT	56397.75/56069.2	buy	1.419%
2021-05-07 17:37:12.744	get_position_price	BTC-USDT	56397.75/56069.2	buy	1.419%
2021-05-07 17:37:14.298	get_position_price	BTC-USDT	56391.05/56069.2	buy	1.383%
2021-05-07 17:37:15.883	get_position_price	BTC-USDT	56387.15/56069.2	buy	1.355%
2021-05-07 17:37:17.511	get_position_price	BTC-USDT	56374.55/56069.2	buy	1.295%
2021-05-07 17:37:19.137	get_position_price	BTC-USDT	56374.55/56069.2	buy	1.295%
2021-05-07 17:37:20.672	get_position_price	BTC-USDT	56364.75/56069.2	buy	1.279%
2021-05-07 17:37:22.190	get_position_price	BTC-USDT	56364.75/56069.2	buy	1.276%
2021-05-07 17:37:23.723	get_position_price	BTC-USDT	56364.75/56069.2	buy	1.243%
2021-05-07 17:37:25.263	get_position_price	BTC-USDT	56350.05/56069.2	buy	1.218%
2021-05-07 17:37:27.620	get_position_price	BTC-USDT	56350.05/56069.2	buy	1.164%
2021-05-07 17:37:29.232	get_position_price	BTC-USDT	56350.05/56069.2	buy	1.164%
2021-05-07 17:37:30.865	get_position_price	BTC-USDT	56350.05/56069.2	buy	1.164%
2021-05-07 17:37:32.414	get_position_price	BTC-USDT	56350.05/56069.2	buy	1.164%
2021-05-07 17:37:33.986	get_position_price	BTC-USDT	56346.05/56069.2	buy	1.143%
2021-05-07 17:37:35.642	get_position_price	BTC-USDT	56346.05/56069.2	buy	1.143%
2021-05-07 17:37:38.614	get_position_price	BTC-USDT	56346.05/56069.2	buy	1.143%
2021-05-07 17:37:46.143	get_position_price	BTC-USDT	56346.05/56069.2	buy	1.143%
2021-05-07 17:37:48.337	get_position_price	BTC-USDT	56346.05/56069.2	buy	1.143%
2021-05-07 17:37:53.612	get_position_price	BTC-USDT	56349.95/56069.2	buy	1.164%
2021-05-07 17:37:56.176	get_position_price	BTC-USDT	56321.85/56069.2	buy	1.164%
2021-05-07 17:37:57.786	get_position_price	BTC-USDT	56321.85/56069.2	buy	1.013%
2021-05-07 17:38:02.016	get_position_price	BTC-USDT	56315.15/56069.2	buy	0.978%
2021-05-07 17:38:03.532	get_position_price	BTC-USDT	56326.45/56069.2	buy	1.038%
2021-05-07 17:38:05.768	get_position_price	BTC-USDT	56326.45/56069.2	buy	1.038%
2021-05-07 17:38:07.329	get_position_price	BTC-USDT	56326.45/56069.2	buy	1.038%
2021-05-07 17:38:08.937	get_position_price	BTC-USDT	56326.45/56069.2	buy	1.038%
2021-05-07 17:38:10.427	get_position_price	BTC-USDT	56326.45/56069.2	buy	1.038%
2021-05-07 17:38:12.002	get_position_price	BTC-USDT	56313.05/56069.2	buy	0.966%
2021-05-07 17:38:14.463	get_position_price	BTC-USDT	56313.05/56069.2	buy	0.966%
2021-05-07 17:38:16.089	get_position_price	BTC-USDT	56319.65/56069.2	buy	1.002%
2021-05-07 17:38:17.701	get_position_price	BTC-USDT	56319.65/56069.2	buy	1.002%
2021-05-07 17:38:19.441	get_position_price	BTC-USDT	56319.65/56069.2	buy	1.002%
2021-05-07 17:38:20.986	get_position_price	BTC-USDT	56319.65/56069.2	buy	1.002%
2021-05-07 17:38:22.497	get_position_price	BTC-USDT	56319.65/56069.2	buy	1.002%
2021-05-07 17:38:24.040	get_position_price	BTC-USDT	56319.65/56069.2	buy	1.002%
2021-05-07 17:38:25.553	get_position_price	BTC-USDT	56325.25/56069.2	buy	1.032%
2021-05-07 17:38:27.141	get_position_price	BTC-USDT	56325.25/56069.2	buy	1.032%
2021-05-07 17:38:29.758	get_position_price	BTC-USDT	56319.65/56069.2	buy	1.002%
2021-05-07 17:38:31.319	get_position_price	BTC-USDT	56339.65/56069.2	buy	1.035%
2021-05-07 17:38:34.192	get_position_price	BTC-USDT	56349.95/56069.2	buy	1.164%
2021-05-07 17:38:38.707	get_position_price	BTC-USDT	56349.95/56069.2	buy	1.164%
2021-05-07 17:38:42.856	get_position_price	BTC-USDT	56369.95/56069.2	buy	1.270%
2021-05-07 17:38:46.679	get_position_price	BTC-USDT	56361.35/56069.2	buy	1.225%
2021-05-07 17:38:48.438	get_position_price	BTC-USDT	56360.15/56069.2	buy	1.218%
2021-05-07 17:38:51.055	get_position_price	BTC-USDT	56360.15/56069.2	buy	1.218%
2021-05-07 17:38:52.605	get_position_price	BTC-USDT	56360.15/56069.2	buy	1.218%
2021-05-07 17:38:54.721	get_position_price	BTC-USDT	56360.15/56069.2	buy	1.218%
2021-05-07 17:39:00.521	get_position_price	BTC-USDT	56351.75/56069.2	buy	1.232%
2021-05-07 17:39:06.032	get_position_price	BTC-USDT	56320.05/56069.2	buy	1.004%
2021-05-07 17:39:08.325	get_position_price	BTC-USDT	56320.05/56069.2	buy	1.004%
2021-05-07 17:39:12.096	get_position_price	BTC-USDT	56337.55/56069.2	buy	1.097%
2021-05-07 17:39:13.633	get_position_price	BTC-USDT	56362.35/56069.2	buy	1.194%
2021-05-07 17:39:15.249	get_position_price	BTC-USDT	56362.35/56069.2	buy	1.230%
2021-05-07 17:39:16.796	get_position_price	BTC-USDT	56377.75/56069.2	buy	1.312%
2021-05-07 17:39:19.352	get_position_price	BTC-USDT	56371.15/56069.2	buy	1.314%
2021-05-07 17:39:20.906	get_position_price	BTC-USDT	56360.05/56069.2	buy	1.218%
2021-05-07 17:39:22.447	get_position_price	BTC-USDT	56360.05/56069.2	buy	1.241%
2021-05-07 17:39:24.185	get_position_price	BTC-USDT	56370.75/56069.2	buy	1.245%
2021-05-07 17:39:25.929	get_position_price	BTC-USDT	56370.75/56069.2	buy	1.275%
2021-05-07 17:39:31.368	get_position_price	BTC-USDT	56364.05/56069.2	buy	1.239%
2021-05-07 17:39:32.956	get_position_price	BTC-USDT	56360.15/56069.2	buy	1.218%
2021-05-07 17:39:34.562	get_position_price	BTC-USDT	56360.15/56069.2	buy	1.218%
2021-05-07 17:39:36.280	get_position_price	BTC-USDT	56360.15/56069.2	buy	1.218%
2021-05-07 17:39:37.827	get_position_price	BTC-USDT	56360.15/56069.2	buy	1.218%
2021-05-07 17:39:39.360	get_position_price	BTC-USDT	56369.2/56069.2	buy	1.218%
2021-05-07 17:39:42.697	get_position_price	BTC-USDT	56369.85/56069.2	buy	1.270%
2021-05-07 17:39:44.267	get_position_price	BTC-USDT	56375.45/56069.2	buy	1.312%
2021-05-07 17:39:45.844	get_position_price	BTC-USDT	56375.95/56069.2	buy	1.300%
2021-05-07 17:39:48.818	get_position_price	BTC-USDT	56368.75/56069.2	buy	1.264%
2021-05-07 17:39:50.488	get_position_price	BTC-USDT	56371.15/56069.2	buy	1.264%
2021-05-07 17:39:52.099	get_position_price	BTC-USDT	56375.35/56069.2	buy	1.277%
2021-05-07 17:39:55.048	get_position_price	BTC-USDT	56354.65/56069.2	buy	1.189%
2021-05-07 17:39:58.375	get_position_price	BTC-USDT	56354.65/56069.2	buy	1.189%
2021-05-07 17:39:59.888	get_position_price	BTC-USDT	56354.65/56069.2	buy	1.189%
2021-05-07 17:40:01.599	get_position_price	BTC-USDT	56379.05/56069.2	buy	1.302%
2021-05-07 17:40:03.983	get_position_price	BTC-USDT	56390.05/56069.2	buy	1.323%
2021-05-07 17:40:05.770	get_position_price	BTC-USDT	56383.45/56069.2	buy	1.378%
2021-05-07 17:40:07.355	get_position_price	BTC-USDT	56391.25/56069.2	buy	1.384%
2021-05-07 17:40:08.961	get_position_price	BTC-USDT	56391.25/56069.2	buy	1.384%
2021-05-07 17:40:11.426	get_position_price	BTC-USDT	56405.45/56069.2	buy	1.424%
2021-05-07 17:40:12.958	get_position_price	BTC-USDT	56400.55/56069.2	buy	1.434%
2021-05-07 17:40:14.514	get_position_price	BTC-USDT	56393.85/56069.2	buy	1.398%
2021-05-07 17:40:16.128	get_position_price	BTC-USDT	56399.95/56069.2	buy	1.398%
2021-05-07 17:40:17.667	get_position_price	BTC-USDT	56400.55/56069.2	buy	1.434%
2021-05-07 17:40:19.666	get_position_price	BTC-USDT	56400.55/56069.2	buy	1.434%
2021-05-07 17:40:21.386	get_position_price	BTC-USDT	56399.45/56069.2	buy	1.414%
2021-05-07 17:40:22.915	get_position_price	BTC-USDT	56399.45/56069.2	buy	1.428%
2021-05-07 17:40:25.441	get_position_price	BTC-USDT	56400.35/56069.2	buy	1.433%
2021-05-07 17:40:26.927	get_position_price	BTC-USDT	56400.35/56069.2	buy	1.433%
2021-05-07 17:40:29.544	get_position_price	BTC-USDT	56400.55/56069.2	buy	1.434%
2021-05-07 17:40:31.104	get_position_price	BTC-USDT	56397.65/56069.2	buy	1.419%
2021-05-07 17:40:34.039	get_position_price	BTC-USDT	56415.05/56069.2	buy	1.479%
2021-05-07 17:40:35.880	get_position_price	BTC-USDT	56415.05/56069.2	buy	1.500%
2021-05-07 17:40:38.926	get_position_price	BTC-USDT	56406.85/56069.2	buy	1.472%
2021-05-07 17:40:40.559	get_position_price	BTC-USDT	56406.05/56069.2	buy	1.464%
2021-05-07 17:40:42.531	get_position_price	BTC-USDT	56403.85/56069.2	buy	1.452%
2021-05-07 17:40:48.871	get_position_price	BTC-USDT	56410.15/56069.2	buy	1.485%
2021-05-07 17:40:54.914	get_position_price	BTC-USDT	56391.35/56069.2	buy	1.385%
2021-05-07 17:40:57.607	get_position_price	BTC-USDT	56392.55/56069.2	buy	1.385%
2021-05-07 17:40:59.232	get_position_price	BTC-USDT	56392.55/56069.2	buy	1.391%
2021-05-07 17:41:00.892	get_position_price	BTC-USDT	56392.55/56069.2	buy	1.391%
2021-05-07 17:41:02.486	get_position_price	BTC-USDT	56398.05/56069.2	buy	1.421%
2021-05-07 17:41:04.066	get_position_price	BTC-USDT	56398.05/56069.2	buy	1.421%
2021-05-07 17:41:07.923	get_position_price	BTC-USDT	56392.15/56069.2	buy	1.389%
2021-05-07 17:41:09.465	get_position_price	BTC-USDT	56392.15/56069.2	buy	1.389%
2021-05-07 17:41:11.414	get_position_price	BTC-USDT	56392.15/56069.2	buy	1.389%
2021-05-07 17:41:13.990	get_position_price	BTC-USDT	56392.15/56069.2	buy	1.389%
2021-05-07 17:41:17.408	get_position_price	BTC-USDT	56370.05/56069.2	buy	1.271%
2021-05-07 17:41:19.043	get_position_price	BTC-USDT	56368.15/56069.2	buy	1.271%
2021-05-07 17:41:20.600	get_position_price	BTC-USDT	56394.35/56069.2	buy	1.261%
2021-05-07 17:41:22.311	get_position_price	BTC-USDT	56406.55/56069.2	buy	1.431%
2021-05-07 17:41:23.885	get_position_price	BTC-USDT	56386.45/56069.2	buy	1.359%
2021-05-07 17:41:25.624	get_position_price	BTC-USDT	56401.15/56069.2	buy	1.430%
2021-05-07 17:41:29.423	get_position_price	BTC-USDT	56394.7/56069.2	buy	1.437%
2021-05-07 17:41:31.002	get_position_price	BTC-USDT	56393.35/56069.2	buy	1.396%
2021-05-07 17:41:32.972	get_position_price	BTC-USDT	56393.35/56069.2	buy	1.396%
2021-05-07 17:41:37.512	get_position_price	BTC-USDT	56393.35/56069.2	buy	1.396%
2021-05-07 17:41:39.286	get_position_price	BTC-USDT	56393.35/56069.2	buy	1.396%
2021-05-07 17:41:53.492	get_position_price	BTC-USDT	56418.45/56069.2	buy	1.530%
2021-05-07 17:41:55.886	get_position_price	BTC-USDT	56424.35/56069.2	buy	1.530%
2021-05-07 17:41:57.452	get_position_price	BTC-USDT	56424.35/56069.2	buy	1.561%
2021-05-07 17:41:59.042	get_position_price	BTC-USDT	56425.05/56069.2	buy	1.565%
2021-05-07 17:42:03.957	get_position_price	BTC-USDT	56436.65/56069.2	buy	1.627%
2021-05-07 17:42:05.445	get_position_price	BTC-USDT	56436.25/56069.2	buy	1.627%
2021-05-07 17:42:06.989	get_position_price	BTC-USDT	56421.95/56069.2	buy	1.548%
2021-05-07 17:42:08.627	get_position_price	BTC-USDT	56421.95/56069.2	buy	1.548%
2021-05-07 17:42:10.139	get_position_price	BTC-USDT	56421.95/56069.2	buy	1.548%
2021-05-07 17:42:11.666	get_position_price	BTC-USDT	56417.15/56069.2	buy	1.512%
2021-05-07 17:42:13.242	get_position_price	BTC-USDT	56432.85/56069.2	buy	1.607%
2021-05-07 17:42:24.213	get_position_price	BTC-USDT	56470.95/56069.2	buy	1.775%
2021-05-07 17:42:25.951	get_position_price	BTC-USDT	56473.05/56069.2	buy	1.822%
2021-05-07 17:42:27.502	get_position_price	BTC-USDT	56470.95/56069.2	buy	1.822%
2021-05-07 17:42:31.702	get_position_price	BTC-USDT	56406.65/56069.2	buy	1.467%
2021-05-07 17:42:36.356	get_position_price	BTC-USDT	56412.05/56069.2	buy	1.496%
2021-05-07 17:42:38.069	get_position_price	BTC-USDT	56425.75/56069.2	buy	1.569%
2021-05-07 17:42:39.646	get_position_price	BTC-USDT	56425.75/56069.2	buy	1.569%
2021-05-07 17:42:41.899	get_position_price	BTC-USDT	56432.45/56069.2	buy	1.605%
2021-05-07 17:42:43.494	get_position_price	BTC-USDT	56432.45/56069.2	buy	1.605%
2021-05-07 17:42:45.645	get_position_price	BTC-USDT	56425.75/56069.2	buy	1.592%
2021-05-07 17:42:47.724	get_position_price	BTC-USDT	56425.75/56069.2	buy	1.569%
2021-05-07 17:42:49.235	get_position_price	BTC-USDT	56425.75/56069.2	buy	1.569%
2021-05-07 17:42:51.847	get_position_price	BTC-USDT	56419.25/56069.2	buy	1.505%
2021-05-07 17:42:53.367	get_position_price	BTC-USDT	56406.75/56069.2	buy	1.514%
2021-05-07 17:42:55.565	get_position_price	BTC-USDT	56406.75/56069.2	buy	1.467%
2021-05-07 17:42:57.132	get_position_price	BTC-USDT	56393.35/56069.2	buy	1.396%
2021-05-07 17:43:00.631	get_position_price	BTC-USDT	56414.25/56069.2	buy	1.431%
2021-05-07 17:43:02.239	get_position_price	BTC-USDT	56435.85/56069.2	buy	1.568%
2021-05-07 17:43:06.159	get_position_price	BTC-USDT	56426.25/56069.2	buy	1.571%
2021-05-07 17:43:10.812	get_position_price	BTC-USDT	56420.05/56069.2	buy	1.538%
2021-05-07 17:43:13.358	get_position_price	BTC-USDT	56415.45/56069.2	buy	1.514%
2021-05-07 17:43:15.036	get_position_price	BTC-USDT	56400.05/56069.2	buy	1.433%
2021-05-07 17:43:19.342	get_position_price	BTC-USDT	56393.45/56069.2	buy	1.396%
2021-05-07 17:43:21.389	get_position_price	BTC-USDT	56400.15/56069.2	buy	1.432%
2021-05-07 17:43:23.271	get_position_price	BTC-USDT	56393.35/56069.2	buy	1.396%
2021-05-07 17:43:24.796	get_position_price	BTC-USDT	56393.35/56069.2	buy	1.396%
2021-05-07 17:43:26.340	get_position_price	BTC-USDT	56393.35/56069.2	buy	1.396%
2021-05-07 17:43:27.894	get_position_price	BTC-USDT	56393.35/56069.2	buy	1.396%
2021-05-07 17:43:29.479	get_position_price	BTC-USDT	56393.35/56069.2	buy	1.396%
2021-05-07 17:43:31.012	get_position_price	BTC-USDT	56403.65/56069.2	buy	1.451%
2021-05-07 17:43:33.288	get_position_price	BTC-USDT	56403.65/56069.2	buy	1.451%
2021-05-07 17:43:34.971	get_position_price	BTC-USDT	56406.65/56069.2	buy	1.467%
2021-05-07 17:43:36.514	get_position_price	BTC-USDT	56406.65/56069.2	buy	1.467%
2021-05-07 17:43:38.673	get_position_price	BTC-USDT	56406.65/56069.2	buy	1.467%
2021-05-07 17:43:41.577	get_position_price	BTC-USDT	56414.65/56069.2	buy	1.509%
2021-05-07 17:43:44.719	get_position_price	BTC-USDT	56407.95/56069.2	buy	1.474%
2021-05-07 17:43:46.276	get_position_price	BTC-USDT	56407.95/56069.2	buy	1.474%
2021-05-07 17:43:47.983	get_position_price	BTC-USDT	56407.95/56069.2	buy	1.474%
2021-05-07 17:43:49.616	get_position_price	BTC-USDT	56407.95/56069.2	buy	1.474%
2021-05-07 17:43:56.854	get_position_price	BTC-USDT	56425.75/56069.2	buy	1.569%
2021-05-07 17:44:04.250	get_position_price	BTC-USDT	56421.65/56069.2	buy	1.567%
2021-05-07 17:44:05.934	get_position_price	BTC-USDT	56406.05/56069.2	buy	1.485%
2021-05-07 17:44:12.755	get_position_price	BTC-USDT	56393.45/56069.2	buy	1.396%
2021-05-07 17:44:14.496	get_position_price	BTC-USDT	56393.45/56069.2	buy	1.396%
2021-05-07 17:44:16.090	get_position_price	BTC-USDT	56400.05/56069.2	buy	1.431%
2021-05-07 17:44:18.922	get_position_price	BTC-USDT	56400.05/56069.2	buy	1.431%
2021-05-07 17:44:20.720	get_position_price	BTC-USDT	56380.05/56069.2	buy	1.431%
2021-05-07 17:44:22.692	get_position_price	BTC-USDT	56380.05/56069.2	buy	1.325%
2021-05-07 17:44:24.267	get_position_price	BTC-USDT	56380.05/56069.2	buy	1.325%
2021-05-07 17:44:25.847	get_position_price	BTC-USDT	56380.05/56069.2	buy	1.325%
2021-05-07 17:44:28.364	get_position_price	BTC-USDT	56394.05/56069.2	buy	1.341%
2021-05-07 17:44:29.921	get_position_price	BTC-USDT	56383.95/56069.2	buy	1.345%
2021-05-07 17:44:31.519	get_position_price	BTC-USDT	56390.65/56069.2	buy	1.345%
2021-05-07 17:44:33.107	get_position_price	BTC-USDT	56390.65/56069.2	buy	1.381%
2021-05-07 17:44:48.198	get_position_price	BTC-USDT	56369.45/56069.2	buy	1.268%
2021-05-07 17:44:49.830	get_position_price	BTC-USDT	56362.45/56069.2	buy	1.230%
2021-05-07 17:44:55.139	get_position_price	BTC-USDT	56362.45/56069.2	buy	1.230%
2021-05-07 17:44:56.730	get_position_price	BTC-USDT	56358.85/56069.2	buy	1.230%
2021-05-07 17:44:58.479	get_position_price	BTC-USDT	56358.85/56069.2	buy	1.211%
2021-05-07 17:44:59.970	get_position_price	BTC-USDT	56358.85/56069.2	buy	1.211%
2021-05-07 17:45:01.618	get_position_price	BTC-USDT	56358.85/56069.2	buy	1.211%
2021-05-07 17:45:05.024	get_position_price	BTC-USDT	56350.55/56069.2	buy	1.167%
2021-05-07 17:45:06.534	get_position_price	BTC-USDT	56350.55/56069.2	buy	1.167%
2021-05-07 17:45:08.050	get_position_price	BTC-USDT	56358.85/56069.2	buy	1.211%
2021-05-07 17:45:09.553	get_position_price	BTC-USDT	56358.85/56069.2	buy	1.211%
2021-05-07 17:45:12.065	get_position_price	BTC-USDT	56358.85/56069.2	buy	1.211%
2021-05-07 17:45:13.595	get_position_price	BTC-USDT	56358.85/56069.2	buy	1.211%
2021-05-07 17:45:15.467	get_position_price	BTC-USDT	56358.85/56069.2	buy	1.211%
2021-05-07 17:45:17.045	get_position_price	BTC-USDT	56353.45/56069.2	buy	1.182%
2021-05-07 17:45:18.552	get_position_price	BTC-USDT	56353.45/56069.2	buy	1.182%
2021-05-07 17:45:20.082	get_position_price	BTC-USDT	56353.45/56069.2	buy	1.182%
2021-05-07 17:45:23.478	get_position_price	BTC-USDT	56340.05/56069.2	buy	1.111%
2021-05-07 17:45:25.001	get_position_price	BTC-USDT	56333.35/56069.2	buy	1.075%
2021-05-07 17:45:26.624	get_position_price	BTC-USDT	56333.35/56069.2	buy	1.075%
2021-05-07 17:45:30.694	get_position_price	BTC-USDT	56310.05/56069.2	buy	0.950%
2021-05-07 17:45:32.685	get_position_price	BTC-USDT	56314.35/56069.2	buy	0.950%
2021-05-07 17:45:34.252	get_position_price	BTC-USDT	56326.65/56069.2	buy	1.039%
2021-05-07 17:45:35.808	get_position_price	BTC-USDT	56329.95/56069.2	buy	1.057%
2021-05-07 17:45:37.787	get_position_price	BTC-USDT	56329.95/56069.2	buy	1.057%
2021-05-07 17:45:39.286	get_position_price	BTC-USDT	56329.95/56069.2	buy	1.057%
2021-05-07 17:45:44.331	get_position_price	BTC-USDT	56313.05/56069.2	buy	0.891%
2021-05-07 17:45:45.867	get_position_price	BTC-USDT	56313.05/56069.2	buy	0.966%
2021-05-07 17:45:47.448	get_position_price	BTC-USDT	56309.05/56069.2	buy	0.945%
2021-05-07 17:45:48.954	get_position_price	BTC-USDT	56309.05/56069.2	buy	0.945%
2021-05-07 17:45:50.517	get_position_price	BTC-USDT	56306.35/56069.2	buy	0.897%
2021-05-07 17:45:52.615	get_position_price	BTC-USDT	56306.35/56069.2	buy	0.931%
2021-05-07 17:45:54.418	get_position_price	BTC-USDT	56306.35/56069.2	buy	0.931%
2021-05-07 17:45:56.327	get_position_price	BTC-USDT	56300.65/56069.2	buy	0.900%
2021-05-07 17:45:58.284	get_position_price	BTC-USDT	56300.65/56069.2	buy	0.900%
2021-05-07 17:45:59.864	get_position_price	BTC-USDT	56300.65/56069.2	buy	0.900%
2021-05-07 17:46:01.650	get_position_price	BTC-USDT	56300.65/56069.2	buy	0.900%
2021-05-07 17:46:03.255	get_position_price	BTC-USDT	56300.65/56069.2	buy	0.900%
2021-05-07 17:46:04.893	get_position_price	BTC-USDT	56300.65/56069.2	buy	0.900%
2021-05-07 17:46:06.398	get_position_price	BTC-USDT	56303.85/56069.2	buy	0.900%
2021-05-07 17:46:07.953	get_position_price	BTC-USDT	56303.85/56069.2	buy	0.917%
2021-05-07 17:46:09.509	get_position_price	BTC-USDT	56303.85/56069.2	buy	0.917%
2021-05-07 17:46:11.048	get_position_price	BTC-USDT	56303.85/56069.2	buy	0.917%
2021-05-07 17:46:12.736	get_position_price	BTC-USDT	56303.85/56069.2	buy	0.917%
2021-05-07 17:46:14.262	get_position_price	BTC-USDT	56303.85/56069.2	buy	0.917%
2021-05-07 17:46:18.065	get_position_price	BTC-USDT	56300.75/56069.2	buy	0.901%
2021-05-07 17:46:20.777	get_position_price	BTC-USDT	56309.05/56069.2	buy	0.920%
2021-05-07 17:46:22.406	get_position_price	BTC-USDT	56312.95/56069.2	buy	0.966%
2021-05-07 17:46:23.965	get_position_price	BTC-USDT	56312.95/56069.2	buy	0.966%
2021-05-07 17:46:25.461	get_position_price	BTC-USDT	56313.05/56069.2	buy	0.966%
2021-05-07 17:46:27.006	get_position_price	BTC-USDT	56313.05/56069.2	buy	0.966%
2021-05-07 17:46:28.568	get_position_price	BTC-USDT	56313.05/56069.2	buy	0.966%
2021-05-07 17:46:30.147	get_position_price	BTC-USDT	56319.75/56069.2	buy	1.002%
2021-05-07 17:46:31.704	get_position_price	BTC-USDT	56319.75/56069.2	buy	1.002%
2021-05-07 17:46:35.325	get_position_price	BTC-USDT	56308.35/56069.2	buy	1.002%
2021-05-07 17:46:36.836	get_position_price	BTC-USDT	56308.35/56069.2	buy	0.941%
2021-05-07 17:46:39.567	get_position_price	BTC-USDT	56301.05/56069.2	buy	0.902%
2021-05-07 17:46:41.113	get_position_price	BTC-USDT	56301.05/56069.2	buy	0.902%
2021-05-07 17:46:42.773	get_position_price	BTC-USDT	56301.05/56069.2	buy	0.902%
2021-05-07 17:46:44.500	get_position_price	BTC-USDT	56310.25/56069.2	buy	0.938%
2021-05-07 17:46:46.243	get_position_price	BTC-USDT	56310.25/56069.2	buy	0.951%
2021-05-07 17:46:48.008	get_position_price	BTC-USDT	56308.35/56069.2	buy	0.941%
2021-05-07 17:46:49.561	get_position_price	BTC-USDT	56308.35/56069.2	buy	0.941%
2021-05-07 17:46:51.100	get_position_price	BTC-USDT	56308.35/56069.2	buy	0.941%
2021-05-07 17:46:52.677	get_position_price	BTC-USDT	56308.35/56069.2	buy	0.941%
2021-05-07 17:46:59.994	get_position_price	BTC-USDT	56302.15/56069.2	buy	0.908%
2021-05-07 17:47:05.619	get_position_price	BTC-USDT	56299.85/56069.2	buy	0.896%
2021-05-07 17:47:07.152	get_position_price	BTC-USDT	56299.85/56069.2	buy	0.896%
2021-05-07 17:47:08.742	get_position_price	BTC-USDT	56299.85/56069.2	buy	0.896%
2021-05-07 17:47:12.629	get_position_price	BTC-USDT	56319.75/56069.2	buy	0.896%
2021-05-07 17:47:14.289	get_position_price	BTC-USDT	56319.75/56069.2	buy	1.002%
2021-05-07 17:47:15.853	get_position_price	BTC-USDT	56319.75/56069.2	buy	1.002%
2021-05-07 17:47:17.389	get_position_price	BTC-USDT	56319.75/56069.2	buy	1.002%
2021-05-07 17:47:18.954	get_position_price	BTC-USDT	56319.75/56069.2	buy	1.002%
2021-05-07 17:47:25.360	get_position_price	BTC-USDT	56319.95/56069.2	buy	1.003%
2021-05-07 17:47:28.958	get_position_price	BTC-USDT	56319.95/56069.2	buy	1.003%
2021-05-07 17:47:31.864	get_position_price	BTC-USDT	56306.35/56069.2	buy	0.931%
2021-05-07 17:47:33.662	get_position_price	BTC-USDT	56306.35/56069.2	buy	0.931%
2021-05-07 17:47:35.896	get_position_price	BTC-USDT	56306.35/56069.2	buy	0.931%
2021-05-07 17:47:42.202	get_position_price	BTC-USDT	56306.35/56069.2	buy	0.931%
2021-05-07 17:47:51.813	get_position_price	BTC-USDT	56349.75/56069.2	buy	1.163%
2021-05-07 17:47:59.771	get_position_price	BTC-USDT	56330.05/56069.2	buy	1.065%
2021-05-07 17:48:01.982	get_position_price	BTC-USDT	56322.35/56069.2	buy	1.016%
2021-05-07 17:48:03.581	get_position_price	BTC-USDT	56329.95/56069.2	buy	1.016%
2021-05-07 17:48:05.178	get_position_price	BTC-USDT	56329.95/56069.2	buy	1.057%
2021-05-07 17:48:06.725	get_position_price	BTC-USDT	56322.45/56069.2	buy	1.057%
2021-05-07 17:48:08.274	get_position_price	BTC-USDT	56322.45/56069.2	buy	1.064%
2021-05-07 17:48:10.229	get_position_price	BTC-USDT	56332.55/56069.2	buy	1.064%
2021-05-07 17:48:13.237	get_position_price	BTC-USDT	56332.55/56069.2	buy	1.071%
2021-05-07 17:48:15.194	get_position_price	BTC-USDT	56331.65/56069.2	buy	1.030%
2021-05-07 17:48:17.330	get_position_price	BTC-USDT	56331.65/56069.2	buy	1.066%
2021-05-07 17:48:18.887	get_position_price	BTC-USDT	56331.65/56069.2	buy	1.066%
2021-05-07 17:48:20.436	get_position_price	BTC-USDT	56326.35/56069.2	buy	1.066%
2021-05-07 17:48:22.213	get_position_price	BTC-USDT	56322.05/56069.2	buy	1.037%
2021-05-07 17:48:23.862	get_position_price	BTC-USDT	56304.85/56069.2	buy	0.958%
2021-05-07 17:48:25.404	get_position_price	BTC-USDT	56304.85/56069.2	buy	0.923%
2021-05-07 17:48:27.203	get_position_price	BTC-USDT	56291.45/56069.2	buy	0.887%
2021-05-07 17:48:28.701	get_position_price	BTC-USDT	56303.95/56069.2	buy	0.918%
2021-05-07 17:48:30.550	get_position_price	BTC-USDT	56303.95/56069.2	buy	0.882%
2021-05-07 17:48:36.267	get_position_price	BTC-USDT	56309.35/56069.2	buy	0.947%
2021-05-07 17:48:37.861	get_position_price	BTC-USDT	56309.35/56069.2	buy	0.947%
2021-05-07 17:48:39.851	get_position_price	BTC-USDT	56303.95/56069.2	buy	0.947%
2021-05-07 17:48:43.475	get_position_price	BTC-USDT	56303.95/56069.2	buy	0.918%
2021-05-07 17:48:44.978	get_position_price	BTC-USDT	56303.95/56069.2	buy	0.918%
2021-05-07 17:48:49.028	get_position_price	BTC-USDT	56303.95/56069.2	buy	0.918%
2021-05-07 17:48:51.818	get_position_price	BTC-USDT	56303.95/56069.2	buy	0.918%
2021-05-07 17:48:53.331	get_position_price	BTC-USDT	56303.95/56069.2	buy	0.918%
2021-05-07 17:48:54.826	get_position_price	BTC-USDT	56303.95/56069.2	buy	0.918%
2021-05-07 17:48:56.361	get_position_price	BTC-USDT	56303.95/56069.2	buy	0.918%
2021-05-07 17:48:57.992	get_position_price	BTC-USDT	56303.95/56069.2	buy	0.918%
2021-05-07 17:48:59.474	get_position_price	BTC-USDT	56303.95/56069.2	buy	0.918%
2021-05-07 17:49:01.837	get_position_price	BTC-USDT	56303.95/56069.2	buy	0.918%
2021-05-07 17:49:03.410	get_position_price	BTC-USDT	56297.55/56069.2	buy	0.884%
2021-05-07 17:49:05.419	get_position_price	BTC-USDT	56297.55/56069.2	buy	0.884%
2021-05-07 17:49:07.088	get_position_price	BTC-USDT	56304.25/56069.2	buy	0.919%
2021-05-07 17:49:08.621	get_position_price	BTC-USDT	56306.95/56069.2	buy	0.919%
2021-05-07 17:49:11.464	get_position_price	BTC-USDT	56306.95/56069.2	buy	0.934%
2021-05-07 17:49:13.043	get_position_price	BTC-USDT	56306.95/56069.2	buy	0.934%
2021-05-07 17:49:14.659	get_position_price	BTC-USDT	56306.95/56069.2	buy	0.934%
2021-05-07 17:49:16.471	get_position_price	BTC-USDT	56306.95/56069.2	buy	0.934%
2021-05-07 17:49:17.998	get_position_price	BTC-USDT	56306.95/56069.2	buy	0.934%
2021-05-07 17:49:19.597	get_position_price	BTC-USDT	56306.95/56069.2	buy	0.934%
2021-05-07 17:49:21.142	get_position_price	BTC-USDT	56306.95/56069.2	buy	0.934%
2021-05-07 17:49:22.704	get_position_price	BTC-USDT	56310.85/56069.2	buy	0.955%
2021-05-07 17:49:24.324	get_position_price	BTC-USDT	56304.35/56069.2	buy	0.920%
2021-05-07 17:49:26.003	get_position_price	BTC-USDT	56304.35/56069.2	buy	0.920%
2021-05-07 17:49:27.501	get_position_price	BTC-USDT	56304.35/56069.2	buy	0.920%
2021-05-07 17:49:29.116	get_position_price	BTC-USDT	56297.75/56069.2	buy	0.885%
2021-05-07 17:49:30.645	get_position_price	BTC-USDT	56297.75/56069.2	buy	0.885%
2021-05-07 17:49:32.243	get_position_price	BTC-USDT	56297.75/56069.2	buy	0.885%
2021-05-07 17:49:33.895	get_position_price	BTC-USDT	56297.75/56069.2	buy	0.885%
2021-05-07 17:49:35.475	get_position_price	BTC-USDT	56297.75/56069.2	buy	0.885%
2021-05-07 17:49:38.392	get_position_price	BTC-USDT	56303.25/56069.2	buy	0.885%
2021-05-07 17:49:39.890	get_position_price	BTC-USDT	56299.25/56069.2	buy	0.893%
2021-05-07 17:49:41.392	get_position_price	BTC-USDT	56299.25/56069.2	buy	0.893%
2021-05-07 17:49:44.265	get_position_price	BTC-USDT	56299.25/56069.2	buy	0.893%
2021-05-07 17:49:45.814	get_position_price	BTC-USDT	56299.25/56069.2	buy	0.893%
2021-05-07 17:49:48.226	get_position_price	BTC-USDT	56299.25/56069.2	buy	0.893%
2021-05-07 17:49:49.884	get_position_price	BTC-USDT	56299.25/56069.2	buy	0.893%
2021-05-07 17:49:51.497	get_position_price	BTC-USDT	56304.45/56069.2	buy	0.920%
2021-05-07 17:49:53.089	get_position_price	BTC-USDT	56304.45/56069.2	buy	0.920%
2021-05-07 17:49:55.773	get_position_price	BTC-USDT	56308.15/56069.2	buy	0.940%
2021-05-07 17:50:01.441	get_position_price	BTC-USDT	56308.15/56069.2	buy	0.940%
2021-05-07 17:50:07.037	get_position_price	BTC-USDT	56308.35/56069.2	buy	0.956%
2021-05-07 17:50:10.072	get_position_price	BTC-USDT	56294.25/56069.2	buy	0.904%
2021-05-07 17:50:13.272	get_position_price	BTC-USDT	56298.25/56069.2	buy	0.887%
2021-05-07 17:50:20.010	get_position_price	BTC-USDT	56299.75/56069.2	buy	0.895%
2021-05-07 17:50:21.596	get_position_price	BTC-USDT	56299.75/56069.2	buy	0.895%
2021-05-07 17:50:23.112	get_position_price	BTC-USDT	56305.35/56069.2	buy	0.925%
2021-05-07 17:50:24.790	get_position_price	BTC-USDT	56305.35/56069.2	buy	0.925%
2021-05-07 17:50:26.312	get_position_price	BTC-USDT	56305.35/56069.2	buy	0.925%
2021-05-07 17:50:29.575	get_position_price	BTC-USDT	56305.35/56069.2	buy	0.925%
2021-05-07 17:50:31.146	get_position_price	BTC-USDT	56299.75/56069.2	buy	0.895%
2021-05-07 17:50:33.983	get_position_price	BTC-USDT	56288.05/56069.2	buy	0.833%
2021-05-07 17:50:35.514	get_position_price	BTC-USDT	56294.35/56069.2	buy	0.833%
2021-05-07 17:50:37.586	get_position_price	BTC-USDT	56299.75/56069.2	buy	0.895%
2021-05-07 17:50:43.766	get_position_price	BTC-USDT	56294.35/56069.2	buy	0.866%
2021-05-07 17:50:45.450	get_position_price	BTC-USDT	56294.35/56069.2	buy	0.866%
2021-05-07 17:50:47.054	get_position_price	BTC-USDT	56294.35/56069.2	buy	0.866%
2021-05-07 17:50:48.839	get_position_price	BTC-USDT	56294.35/56069.2	buy	0.866%
2021-05-07 17:50:50.391	get_position_price	BTC-USDT	56294.35/56069.2	buy	0.866%
2021-05-07 17:50:52.062	get_position_price	BTC-USDT	56294.35/56069.2	buy	0.866%
2021-05-07 17:50:53.835	get_position_price	BTC-USDT	56296.35/56069.2	buy	0.877%
2021-05-07 17:50:55.370	get_position_price	BTC-USDT	56296.35/56069.2	buy	0.877%
2021-05-07 17:50:56.983	get_position_price	BTC-USDT	56270.05/56069.2	buy	0.737%
2021-05-07 17:50:58.472	get_position_price	BTC-USDT	56265.55/56069.2	buy	0.737%
2021-05-07 17:51:00.010	get_position_price	BTC-USDT	56265.55/56069.2	buy	0.713%
2021-05-07 17:51:01.559	get_position_price	BTC-USDT	56276.75/56069.2	buy	0.772%
2021-05-07 17:51:03.703	get_position_price	BTC-USDT	56276.75/56069.2	buy	0.772%
2021-05-07 17:51:05.392	get_position_price	BTC-USDT	56276.85/56069.2	buy	0.772%
2021-05-07 17:51:06.955	get_position_price	BTC-USDT	56271.05/56069.2	buy	0.742%
2021-05-07 17:51:08.925	get_position_price	BTC-USDT	56271.05/56069.2	buy	0.742%
2021-05-07 17:51:11.465	get_position_price	BTC-USDT	56271.05/56069.2	buy	0.742%
2021-05-07 17:51:13.254	get_position_price	BTC-USDT	56265.25/56069.2	buy	0.711%
2021-05-07 17:51:14.811	get_position_price	BTC-USDT	56265.25/56069.2	buy	0.711%
2021-05-07 17:51:17.057	get_position_price	BTC-USDT	56265.25/56069.2	buy	0.711%
2021-05-07 17:51:19.707	get_position_price	BTC-USDT	56272.15/56069.2	buy	0.748%
2021-05-07 17:51:21.278	get_position_price	BTC-USDT	56272.15/56069.2	buy	0.748%
2021-05-07 17:51:23.040	get_position_price	BTC-USDT	56272.15/56069.2	buy	0.748%
2021-05-07 17:51:24.962	get_position_price	BTC-USDT	56279.05/56069.2	buy	0.748%
2021-05-07 17:51:26.481	get_position_price	BTC-USDT	56279.05/56069.2	buy	0.785%
2021-05-07 17:51:28.075	get_position_price	BTC-USDT	56279.05/56069.2	buy	0.785%
2021-05-07 17:51:29.608	get_position_price	BTC-USDT	56279.05/56069.2	buy	0.785%
2021-05-07 17:51:31.244	get_position_price	BTC-USDT	56279.05/56069.2	buy	0.785%
2021-05-07 17:51:32.782	get_position_price	BTC-USDT	56279.05/56069.2	buy	0.785%
2021-05-07 17:51:40.767	get_position_price	BTC-USDT	56272.35/56069.2	buy	0.749%
2021-05-07 17:51:42.802	get_position_price	BTC-USDT	56272.35/56069.2	buy	0.749%
2021-05-07 17:51:44.544	get_position_price	BTC-USDT	56272.35/56069.2	buy	0.749%
2021-05-07 17:51:46.097	get_position_price	BTC-USDT	56272.35/56069.2	buy	0.749%
2021-05-07 17:51:50.279	get_position_price	BTC-USDT	56275.7/56069.2	buy	0.749%
2021-05-07 17:51:52.552	get_position_price	BTC-USDT	56278.95/56069.2	buy	0.784%
2021-05-07 17:51:54.309	get_position_price	BTC-USDT	56278.95/56069.2	buy	0.784%
2021-05-07 17:51:55.899	get_position_price	BTC-USDT	56278.95/56069.2	buy	0.784%
2021-05-07 17:51:57.553	get_position_price	BTC-USDT	56278.95/56069.2	buy	0.784%
2021-05-07 17:51:59.044	get_position_price	BTC-USDT	56278.95/56069.2	buy	0.784%
2021-05-07 17:52:00.649	get_position_price	BTC-USDT	56278.95/56069.2	buy	0.784%
2021-05-07 17:52:02.256	get_position_price	BTC-USDT	56279.05/56069.2	buy	0.785%
2021-05-07 17:52:07.742	get_position_price	BTC-USDT	56289.95/56069.2	buy	0.820%
2021-05-07 17:52:09.281	get_position_price	BTC-USDT	56289.95/56069.2	buy	0.843%
2021-05-07 17:52:10.892	get_position_price	BTC-USDT	56289.95/56069.2	buy	0.843%
2021-05-07 17:52:12.430	get_position_price	BTC-USDT	56289.95/56069.2	buy	0.843%
2021-05-07 17:52:17.124	get_position_price	BTC-USDT	56309.95/56069.2	buy	0.950%
2021-05-07 17:52:19.278	get_position_price	BTC-USDT	56309.95/56069.2	buy	0.950%
2021-05-07 17:52:23.975	get_position_price	BTC-USDT	56309.95/56069.2	buy	0.950%
2021-05-07 17:52:25.981	get_position_price	BTC-USDT	56309.95/56069.2	buy	0.950%
2021-05-07 17:52:27.577	get_position_price	BTC-USDT	56300.05/56069.2	buy	0.897%
2021-05-07 17:52:29.656	get_position_price	BTC-USDT	56300.05/56069.2	buy	0.897%
2021-05-07 17:52:32.659	get_position_price	BTC-USDT	56296.25/56069.2	buy	0.877%
2021-05-07 17:52:34.210	get_position_price	BTC-USDT	56296.25/56069.2	buy	0.877%
2021-05-07 17:52:36.042	get_position_price	BTC-USDT	56296.25/56069.2	buy	0.877%
2021-05-07 17:52:39.574	get_position_price	BTC-USDT	56296.25/56069.2	buy	0.877%
2021-05-07 17:52:41.178	get_position_price	BTC-USDT	56296.25/56069.2	buy	0.877%
2021-05-07 17:52:42.909	get_position_price	BTC-USDT	56296.25/56069.2	buy	0.877%
2021-05-07 17:52:44.458	get_position_price	BTC-USDT	56296.25/56069.2	buy	0.877%
2021-05-07 17:52:46.116	get_position_price	BTC-USDT	56296.25/56069.2	buy	0.877%
2021-05-07 17:52:48.435	get_position_price	BTC-USDT	56296.25/56069.2	buy	0.877%
2021-05-07 17:52:49.962	get_position_price	BTC-USDT	56296.25/56069.2	buy	0.877%
2021-05-07 17:52:51.875	get_position_price	BTC-USDT	56296.25/56069.2	buy	0.889%
2021-05-07 17:52:53.436	get_position_price	BTC-USDT	56296.25/56069.2	buy	0.877%
2021-05-07 17:52:54.996	get_position_price	BTC-USDT	56296.25/56069.2	buy	0.877%
2021-05-07 17:53:08.580	get_position_price	BTC-USDT	56290.95/56069.2	buy	0.848%
2021-05-07 17:53:10.144	get_position_price	BTC-USDT	56290.95/56069.2	buy	0.848%
2021-05-07 17:53:11.678	get_position_price	BTC-USDT	56290.95/56069.2	buy	0.848%
2021-05-07 17:53:13.218	get_position_price	BTC-USDT	56296.25/56069.2	buy	0.876%
2021-05-07 17:53:16.918	get_position_price	BTC-USDT	56296.25/56069.2	buy	0.877%
2021-05-07 17:53:18.915	get_position_price	BTC-USDT	56296.25/56069.2	buy	0.877%
2021-05-07 17:53:20.470	get_position_price	BTC-USDT	56296.25/56069.2	buy	0.877%
2021-05-07 17:53:22.115	get_position_price	BTC-USDT	56296.25/56069.2	buy	0.867%
2021-05-07 17:53:23.734	get_position_price	BTC-USDT	56296.25/56069.2	buy	0.877%
2021-05-07 17:53:25.285	get_position_price	BTC-USDT	56283.45/56069.2	buy	0.844%
2021-05-07 17:53:27.817	get_position_price	BTC-USDT	56278.25/56069.2	buy	0.747%
2021-05-07 17:53:29.345	get_position_price	BTC-USDT	56281.25/56069.2	buy	0.796%
2021-05-07 17:53:30.968	get_position_price	BTC-USDT	56281.25/56069.2	buy	0.796%
2021-05-07 17:53:32.737	get_position_price	BTC-USDT	56281.25/56069.2	buy	0.796%
2021-05-07 17:53:37.471	get_position_price	BTC-USDT	56270.05/56069.2	buy	0.737%
2021-05-07 17:53:42.061	get_position_price	BTC-USDT	56270.05/56069.2	buy	0.737%
2021-05-07 17:53:47.157	get_position_price	BTC-USDT	56261.45/56069.2	buy	0.691%
2021-05-07 17:53:49.297	get_position_price	BTC-USDT	56261.45/56069.2	buy	0.691%
2021-05-07 17:53:50.950	get_position_price	BTC-USDT	56261.45/56069.2	buy	0.691%
2021-05-07 17:53:52.518	get_position_price	BTC-USDT	56261.45/56069.2	buy	0.691%
2021-05-07 17:53:54.099	get_position_price	BTC-USDT	56261.45/56069.2	buy	0.691%
2021-05-07 17:53:55.630	get_position_price	BTC-USDT	56261.45/56069.2	buy	0.691%
2021-05-07 17:53:57.139	get_position_price	BTC-USDT	56261.45/56069.2	buy	0.691%
2021-05-07 17:53:58.741	get_position_price	BTC-USDT	56261.45/56069.2	buy	0.691%
2021-05-07 17:54:00.271	get_position_price	BTC-USDT	56261.45/56069.2	buy	0.691%
2021-05-07 17:54:01.770	get_position_price	BTC-USDT	56261.45/56069.2	buy	0.691%
2021-05-07 17:54:04.585	get_position_price	BTC-USDT	56261.45/56069.2	buy	0.691%
2021-05-07 17:54:06.117	get_position_price	BTC-USDT	56261.45/56069.2	buy	0.691%
2021-05-07 17:54:07.696	get_position_price	BTC-USDT	56269.35/56069.2	buy	0.733%
2021-05-07 17:54:10.965	get_position_price	BTC-USDT	56269.35/56069.2	buy	0.733%
2021-05-07 17:54:19.364	get_position_price	BTC-USDT	56261.45/56069.2	buy	0.691%
2021-05-07 17:54:20.980	get_position_price	BTC-USDT	56261.45/56069.2	buy	0.691%
2021-05-07 17:54:23.213	get_position_price	BTC-USDT	56261.45/56069.2	buy	0.691%
2021-05-07 17:54:24.761	get_position_price	BTC-USDT	56261.45/56069.2	buy	0.691%
2021-05-07 17:54:26.273	get_position_price	BTC-USDT	56261.45/56069.2	buy	0.691%
2021-05-07 17:54:27.829	get_position_price	BTC-USDT	56261.45/56069.2	buy	0.691%
2021-05-07 17:54:30.383	get_position_price	BTC-USDT	56261.45/56069.2	buy	0.691%
2021-05-07 17:54:33.144	get_position_price	BTC-USDT	56260.05/56069.2	buy	0.683%
2021-05-07 17:54:35.391	get_position_price	BTC-USDT	56254.75/56069.2	buy	0.655%
2021-05-07 17:54:36.914	get_position_price	BTC-USDT	56254.75/56069.2	buy	0.655%
2021-05-07 17:54:38.457	get_position_price	BTC-USDT	56254.75/56069.2	buy	0.655%
2021-05-07 17:54:39.986	get_position_price	BTC-USDT	56250.85/56069.2	buy	0.634%
2021-05-07 17:54:41.531	get_position_price	BTC-USDT	56250.85/56069.2	buy	0.634%
2021-05-07 17:54:43.070	get_position_price	BTC-USDT	56275.95/56069.2	buy	0.753%
2021-05-07 17:54:44.815	get_position_price	BTC-USDT	56296.05/56069.2	buy	0.843%
2021-05-07 17:54:48.811	get_position_price	BTC-USDT	56308.55/56069.2	buy	0.942%
2021-05-07 17:54:51.888	get_position_price	BTC-USDT	56300.05/56069.2	buy	0.897%
2021-05-07 17:54:53.421	get_position_price	BTC-USDT	56306.75/56069.2	buy	0.933%
2021-05-07 17:54:55.029	get_position_price	BTC-USDT	56300.05/56069.2	buy	0.897%
2021-05-07 17:54:56.505	get_position_price	BTC-USDT	56300.05/56069.2	buy	0.897%
2021-05-07 17:54:58.102	get_position_price	BTC-USDT	56300.05/56069.2	buy	0.897%
2021-05-07 17:54:59.688	get_position_price	BTC-USDT	56300.05/56069.2	buy	0.897%
2021-05-07 17:55:01.276	get_position_price	BTC-USDT	56300.05/56069.2	buy	0.897%
2021-05-07 17:55:02.771	get_position_price	BTC-USDT	56300.05/56069.2	buy	0.897%
2021-05-07 17:55:04.283	get_position_price	BTC-USDT	56300.05/56069.2	buy	0.897%
2021-05-07 17:55:05.946	get_position_price	BTC-USDT	56300.05/56069.2	buy	0.897%
2021-05-07 17:55:07.911	get_position_price	BTC-USDT	56307.65/56069.2	buy	0.938%
2021-05-07 17:55:09.465	get_position_price	BTC-USDT	56307.65/56069.2	buy	0.938%
2021-05-07 17:55:10.992	get_position_price	BTC-USDT	56307.65/56069.2	buy	0.938%
2021-05-07 17:55:12.620	get_position_price	BTC-USDT	56308.75/56069.2	buy	0.938%
2021-05-07 17:55:14.161	get_position_price	BTC-USDT	56329.55/56069.2	buy	1.055%
2021-05-07 17:55:18.616	get_position_price	BTC-USDT	56324.95/56069.2	buy	1.047%
2021-05-07 17:55:20.193	get_position_price	BTC-USDT	56324.95/56069.2	buy	1.030%
2021-05-07 17:55:21.679	get_position_price	BTC-USDT	56305.95/56069.2	buy	0.950%
2021-05-07 17:55:23.259	get_position_price	BTC-USDT	56300.05/56069.2	buy	0.897%
2021-05-07 17:55:24.793	get_position_price	BTC-USDT	56300.05/56069.2	buy	0.897%
2021-05-07 17:55:26.396	get_position_price	BTC-USDT	56300.05/56069.2	buy	0.897%
2021-05-07 17:55:27.933	get_position_price	BTC-USDT	56300.05/56069.2	buy	0.897%
2021-05-07 17:55:31.485	get_position_price	BTC-USDT	56300.05/56069.2	buy	0.897%
2021-05-07 17:55:33.072	get_position_price	BTC-USDT	56300.05/56069.2	buy	0.897%
2021-05-07 17:55:34.615	get_position_price	BTC-USDT	56300.05/56069.2	buy	0.897%
2021-05-07 17:55:44.931	get_position_price	BTC-USDT	56290.05/56069.2	buy	0.843%
2021-05-07 17:55:50.327	get_position_price	BTC-USDT	56293.35/56069.2	buy	0.861%
2021-05-07 17:55:51.879	get_position_price	BTC-USDT	56293.35/56069.2	buy	0.861%
2021-05-07 17:55:54.347	get_position_price	BTC-USDT	56297.55/56069.2	buy	0.878%
2021-05-07 17:55:55.994	get_position_price	BTC-USDT	56298.15/56069.2	buy	0.887%
2021-05-07 17:55:57.587	get_position_price	BTC-USDT	56293.75/56069.2	buy	0.887%
2021-05-07 17:56:09.628	get_position_price	BTC-USDT	56270.35/56069.2	buy	0.721%
2021-05-07 17:56:11.327	get_position_price	BTC-USDT	56270.35/56069.2	buy	0.738%
2021-05-07 17:56:12.917	get_position_price	BTC-USDT	56270.35/56069.2	buy	0.738%
2021-05-07 17:56:14.836	get_position_price	BTC-USDT	56271.25/56069.2	buy	0.743%
2021-05-07 17:56:16.342	get_position_price	BTC-USDT	56271.25/56069.2	buy	0.743%
2021-05-07 17:56:17.882	get_position_price	BTC-USDT	56271.25/56069.2	buy	0.743%
2021-05-07 17:56:19.430	get_position_price	BTC-USDT	56271.25/56069.2	buy	0.743%
2021-05-07 17:56:20.932	get_position_price	BTC-USDT	56271.25/56069.2	buy	0.743%
2021-05-07 17:56:22.687	get_position_price	BTC-USDT	56271.25/56069.2	buy	0.743%
2021-05-07 17:56:27.785	get_position_price	BTC-USDT	56276.95/56069.2	buy	0.773%
2021-05-07 17:56:29.313	get_position_price	BTC-USDT	56276.95/56069.2	buy	0.773%
2021-05-07 17:56:30.828	get_position_price	BTC-USDT	56276.95/56069.2	buy	0.773%
2021-05-07 17:56:32.355	get_position_price	BTC-USDT	56276.95/56069.2	buy	0.773%
2021-05-07 17:56:34.292	get_position_price	BTC-USDT	56271.25/56069.2	buy	0.743%
2021-05-07 17:56:35.887	get_position_price	BTC-USDT	56271.25/56069.2	buy	0.743%
2021-05-07 17:56:39.031	get_position_price	BTC-USDT	56265.15/56069.2	buy	0.710%
2021-05-07 17:56:46.283	get_position_price	BTC-USDT	56265.15/56069.2	buy	0.710%
2021-05-07 17:56:52.266	get_position_price	BTC-USDT	56257.75/56069.2	buy	0.671%
2021-05-07 17:56:53.811	get_position_price	BTC-USDT	56257.75/56069.2	buy	0.671%
2021-05-07 17:56:55.364	get_position_price	BTC-USDT	56257.75/56069.2	buy	0.671%
2021-05-07 17:56:57.297	get_position_price	BTC-USDT	56241.45/56069.2	buy	0.630%
2021-05-07 17:56:58.859	get_position_price	BTC-USDT	56241.45/56069.2	buy	0.584%
2021-05-07 17:57:00.369	get_position_price	BTC-USDT	56241.45/56069.2	buy	0.584%
2021-05-07 17:57:01.990	get_position_price	BTC-USDT	56226.45/56069.2	buy	0.504%
2021-05-07 17:57:04.868	get_position_price	BTC-USDT	56218.95/56069.2	buy	0.463%
2021-05-07 17:57:06.926	get_position_price	BTC-USDT	56218.95/56069.2	buy	0.463%
2021-05-07 17:57:08.949	get_position_price	BTC-USDT	56218.95/56069.2	buy	0.463%
2021-05-07 17:57:10.599	get_position_price	BTC-USDT	56236.05/56069.2	buy	0.463%
2021-05-07 17:57:12.191	get_position_price	BTC-USDT	56239.95/56069.2	buy	0.576%
2021-05-07 17:57:16.526	get_position_price	BTC-USDT	56239.95/56069.2	buy	0.576%
2021-05-07 17:57:20.943	get_position_price	BTC-USDT	56239.95/56069.2	buy	0.576%
2021-05-07 17:57:22.515	get_position_price	BTC-USDT	56239.95/56069.2	buy	0.576%
2021-05-07 17:57:25.922	get_position_price	BTC-USDT	56239.95/56069.2	buy	0.576%
2021-05-07 17:57:30.504	get_position_price	BTC-USDT	56239.95/56069.2	buy	0.576%
2021-05-07 17:57:32.018	get_position_price	BTC-USDT	56237.05/56069.2	buy	0.560%
2021-05-07 17:57:33.567	get_position_price	BTC-USDT	56237.05/56069.2	buy	0.560%
2021-05-07 17:57:35.193	get_position_price	BTC-USDT	56237.05/56069.2	buy	0.560%
2021-05-07 17:57:36.809	get_position_price	BTC-USDT	56237.05/56069.2	buy	0.560%
2021-05-07 17:57:38.395	get_position_price	BTC-USDT	56237.05/56069.2	buy	0.560%
2021-05-07 17:57:39.930	get_position_price	BTC-USDT	56237.05/56069.2	buy	0.560%
2021-05-07 17:57:41.549	get_position_price	BTC-USDT	56237.05/56069.2	buy	0.560%
2021-05-07 17:57:43.201	get_position_price	BTC-USDT	56237.05/56069.2	buy	0.560%
2021-05-07 17:57:46.754	get_position_price	BTC-USDT	56237.05/56069.2	buy	0.560%
2021-05-07 17:57:48.293	get_position_price	BTC-USDT	56237.05/56069.2	buy	0.560%
2021-05-07 17:57:49.849	get_position_price	BTC-USDT	56257.65/56069.2	buy	0.670%
2021-05-07 17:57:51.350	get_position_price	BTC-USDT	56269.95/56069.2	buy	0.736%
2021-05-07 17:57:52.908	get_position_price	BTC-USDT	56271.15/56069.2	buy	0.742%
2021-05-07 17:57:54.418	get_position_price	BTC-USDT	56271.15/56069.2	buy	0.742%
2021-05-07 17:57:55.943	get_position_price	BTC-USDT	56271.15/56069.2	buy	0.742%
2021-05-07 17:57:57.490	get_position_price	BTC-USDT	56271.15/56069.2	buy	0.742%
2021-05-07 17:57:59.030	get_position_price	BTC-USDT	56271.15/56069.2	buy	0.742%
2021-05-07 17:58:00.573	get_position_price	BTC-USDT	56271.15/56069.2	buy	0.742%
2021-05-07 17:58:02.221	get_position_price	BTC-USDT	56271.15/56069.2	buy	0.742%
2021-05-07 17:58:07.165	get_position_price	BTC-USDT	56271.25/56069.2	buy	0.743%
2021-05-07 17:58:10.240	get_position_price	BTC-USDT	56269.95/56069.2	buy	0.743%
2021-05-07 17:58:11.794	get_position_price	BTC-USDT	56269.95/56069.2	buy	0.736%
2021-05-07 17:58:13.330	get_position_price	BTC-USDT	56269.95/56069.2	buy	0.736%
2021-05-07 17:58:14.881	get_position_price	BTC-USDT	56269.95/56069.2	buy	0.736%
2021-05-07 17:58:18.070	get_position_price	BTC-USDT	56269.95/56069.2	buy	0.736%
2021-05-07 17:58:19.608	get_position_price	BTC-USDT	56269.95/56069.2	buy	0.736%
2021-05-07 17:58:22.356	get_position_price	BTC-USDT	56261.55/56069.2	buy	0.691%
2021-05-07 17:58:24.212	get_position_price	BTC-USDT	56269.95/56069.2	buy	0.691%
2021-05-07 17:58:28.867	get_position_price	BTC-USDT	56269.95/-1	buy	0.691%
2021-05-07 17:58:28.871	Can't_get_the_buy_price	BTC-USDT
